2592 3932
340 1057 348 1067 ‘
430 1031 825 1130 PRAEFATIO.

199 1280 324 1370 Exstat
341 1302 432 1368 hunc
446 1323 555 1386 usque
570 1301 614 1368 ad
628 1301 717 1368 diem
731 1301 767 1366 in
779 1289 864 1366 urbe
877 1297 1134 1378 Palaestinensi‚

115 1421 275 1490 Nablusii
305 1443 386 1507 gens
421 1419 685 1502 Samaritarum,
726 1419 808 1487 olim
847 1417 1134 1499 numerosissima,

115 1561 220 1625 quam
238 1541 395 1626 equidem
418 1540 516 1606 annis
541 1538 695 1606 MDGLV
714 1546 750 1605 et
766 1537 972 1636 MDGLXlX
989 1537 1137 1606 visitavi.

116 1660 226 1745 Hujus
245 1681 395 1727 summus
418 1659 576 1726 sacerdos
595 1659 661 1724 fuit
678 1658 854 1739 Amram,
878 1659 930 1724 vir
948 1657 1038 1724 inter
1056 1678 1135 1725 suos

117 1777 256 1861 linguae
283 1797 365 1843 suae
397 1781 433 1842 et
462 1777 627 1842 historiae
656 1777 769 1861 gentis
796 1777 1034 1861 peritissimus,
1067 1797 1135 1860 quc

79 1964 81 1968 ,
118 1895 295 1980 duceipse
312 1894 451 1980 linguae
469 1895 570 1961 istius
588 1901 748 1961 naturam
762 1901 797 1961 et
814 1895 963 1962 indolem
978 1901 1137 1962 accurate

117 2014 272 2099 cognovi.

97 2207 99 2211 ,
195 2133 328 2200 Vocum
350 2131 643 2198 Samaritanorum
666 2132 983 2216 pronunciationem
1009 2153 1031 2198 a
1056 2132 1136 2198 reli·

117 2273 263 2338 quorum
287 2250 495 2338 populorum
520 2251 750 2320 semiticorum
773 2252 1017 2319 consuetudine
1035 2272 1137 2337 saepe

116 2371 329 2436 recedentem
356 2374 392 2436 et
418 2369 507 2436 hunc
537 2391 646 2455 usque
677 2371 722 2436 ad
753 2370 841 2437 diem
872 2371 1039 2456 ignotam,
1071 2371 1137 2440 hoc

115 2489 152 2556 in
186 2489 304 2556 libello
341 2495 501 2556 accurate
541 2495 730 2556 monstrare
765 2490 899 2570 studui,
941 2496 976 2556 et
1009 2489 1137 2576 ubique

118 2609 273 2693 apposui.
328 2608 369 2674 In
399 2609 612 2693 proferendis
643 2616 758 2675 autem
789 2608 931 2693 singulis
962 2609 1137 2678 vocalibus

117 2727 281 2811 quoniam
307 2726 361 2792 illi
386 2727 460 2795 sola
483 2729 670 2796 traditione
694 2749 756 2813 per
778 2748 814 2795 se
840 2728 972 2795 incerta
993 2733 1029 2794 et
1053 2728 1136 2794 fluc-

116 2848 236 2910 tuante
253 2845 320 2910 uisi
338 2845 404 2912 sibi
422 2847 489 2930 ipsi
511 2867 580 2912 non
604 2851 773 2927 constant,
797 2867 899 2932 saepe
920 2846 1033 2915 varias
1056 2868 1135 2932 pro·

116 2962 301 3028 nunciandi
324 2964 489 3048 rationes,
519 2965 637 3050 quales
664 2966 838 3051 exipsius
865 2966 1052 3033 sacerdotis
1078 2986 1136 3032 ore

116 3079 232 3164 accepi
251 3079 442 3148 adscribere
460 3089 598 3150 coactus
616 3084 677 3150 lui.

193 3199 233 3264 ln
252 3197 527 3269 Grammatico
545 3203 661 3287 capita
678 3203 795 3268 eadem
814 3201 1015 3287 easdemque
1032 3223 1134 3288 para·
1218 3251 1221 3258 .

114 3316 281 3409 graphas,
314 3319 438 3404 quibus
468 3321 506 3386 in
538 3322 711 3407 prioribus
738 3317 863 3387 libellis
895 3321 940 3388 ad
971 3321 1136 3390 dialectos
