<?xml version="1.0" encoding="UTF-8"?>
<!DOCTYPE html PUBLIC "-//W3C//DTD XHTML 1.0 Transitional//EN"
    "http://www.w3.org/TR/xhtml1/DTD/xhtml1-transitional.dtd">
<html xmlns="http://www.w3.org/1999/xhtml" xml:lang="en" lang="en">
 <head>
  <title>
</title>
<meta http-equiv="Content-Type" content="text/html;charset=utf-8" />
  <meta name='ocr-system' content='tesseract 3.04.00' />
  <meta name='ocr-capabilities' content='ocr_page ocr_carea ocr_par ocr_line ocrx_word'/>
</head>
<body>
  <div class='ocr_page' id='page_1' title='image "./brevislinguaesa00petegoog_0069.png"; bbox 0 0 2592 3932; ppageno 0'>
   <div class='ocr_carea' id='block_1_1' title="bbox 190 182 823 244">
    <p class='ocr_par' dir='ltr' id='par_1_1' title="bbox 190 182 823 244">
     <span class='ocr_line' id='line_1_1' title="bbox 190 182 823 244; baseline -0.006 0"><span class='ocrx_word' id='word_1_1' title='bbox 190 182 232 244; x_wconf 82' lang='grc'><strong>56</strong></span> <span class='ocrx_word' id='word_1_2' title='bbox 292 208 296 216; x_wconf 94' lang='grc'><strong><em>·</em></strong></span> <span class='ocrx_word' id='word_1_3' title='bbox 560 188 710 240; x_wconf 81' lang='lat' dir='ltr'><strong>Nominum</strong></span> <span class='ocrx_word' id='word_1_4' title='bbox 732 189 823 240; x_wconf 84' lang='lat' dir='ltr'><strong>flexio.</strong></span> 
     </span>
    </p>
   </div>
   <div class='ocr_carea' id='block_1_2' title="bbox 191 345 1271 508">
    <p class='ocr_par' dir='ltr' id='par_1_2' title="bbox 191 317 1271 508">
     <span class='ocr_line' id='line_1_2' title="bbox 191 345 1271 508; baseline 0.032 -84"><span class='ocrx_word' id='word_1_5' title='bbox 191 362 297 424; x_wconf 62' lang='lat' dir='ltr'><strong>uersu</strong></span> <span class='ocrx_word' id='word_1_6' title='bbox 326 345 544 437; x_wconf 61' lang='lat' dir='ltr'><strong>aarum</strong></span> <span class='ocrx_word' id='word_1_7' title='bbox 576 359 693 434; x_wconf 68' lang='lat' dir='ltr'><strong>rauca</strong></span> <span class='ocrx_word' id='word_1_8' title='bbox 723 349 860 432; x_wconf 57' lang='lat' dir='ltr'><strong>*ruffi</strong></span> <span class='ocrx_word' id='word_1_9' title='bbox 889 375 966 419; x_wconf 67' lang='lat' dir='ltr'><strong>mem</strong></span> <span class='ocrx_word' id='word_1_10' title='bbox 996 349 1220 435; x_wconf 55' lang='lat' dir='ltr'><strong>‘ww</strong></span> <span class='ocrx_word' id='word_1_11' title='bbox 1267 461 1271 508; x_wconf 23' lang='grc' dir='ltr'>Ἰ</span> 
     </span>
    </p>
   </div>
   <div class='ocr_carea' id='block_1_3' title="bbox 190 462 1221 646">
    <p class='ocr_par' dir='ltr' id='par_1_3' title="bbox 190 462 1221 646">
     <span class='ocr_line' id='line_1_3' title="bbox 190 462 378 536; baseline -0.032 -10"><span class='ocrx_word' id='word_1_12' title='bbox 190 462 378 536; x_wconf 80' lang='lat' dir='ltr'><strong>schumejjc.</strong></span> 
     </span>
     <span class='ocr_line' id='line_1_4' title="bbox 268 555 1221 646; baseline 0 -22"><span class='ocrx_word' id='word_1_13' title='bbox 268 561 298 646; x_wconf 66' lang='grc' dir='ltr'><strong>ξ.</strong></span> <span class='ocrx_word' id='word_1_14' title='bbox 318 563 349 624; x_wconf 88' lang='grc'><strong>4.</strong></span> <span class='ocrx_word' id='word_1_15' title='bbox 386 556 562 623; x_wconf 88' lang='lat' dir='ltr'><strong>Dialectus</strong></span> <span class='ocrx_word' id='word_1_16' title='bbox 589 556 798 622; x_wconf 84' lang='lat' dir='ltr'><strong>samaritana</strong></span> <span class='ocrx_word' id='word_1_17' title='bbox 828 555 958 641; x_wconf 87' lang='lat' dir='ltr'><strong>pariter</strong></span> <span class='ocrx_word' id='word_1_18' title='bbox 991 561 1095 642; x_wconf 88' lang='lat' dir='ltr'><strong>atque</strong></span> <span class='ocrx_word' id='word_1_19' title='bbox 1132 557 1221 624; x_wconf 92' lang='lat' dir='ltr'><strong>reli·</strong></span> 
     </span>
    </p>
   </div>
   <div class='ocr_carea' id='block_1_4' title="bbox 188 657 1218 2884">
    <p class='ocr_par' dir='ltr' id='par_1_4' title="bbox 188 657 1218 2271">
     <span class='ocr_line' id='line_1_5' title="bbox 191 657 1218 750; baseline -0.001 -22"><span class='ocrx_word' id='word_1_20' title='bbox 191 683 292 750; x_wconf 90' lang='lat' dir='ltr'><strong>quae,</strong></span> <span class='ocrx_word' id='word_1_21' title='bbox 335 657 364 726; x_wconf 87' lang='lat' dir='ltr'><strong>si</strong></span> <span class='ocrx_word' id='word_1_22' title='bbox 400 658 571 726; x_wconf 75' lang='lat' dir='ltr'><strong>arabicam</strong></span> <span class='ocrx_word' id='word_1_23' title='bbox 606 658 795 744; x_wconf 80' lang='lat' dir='ltr'>exceperis,</span> <span class='ocrx_word' id='word_1_24' title='bbox 832 657 999 725; x_wconf 90' lang='lat' dir='ltr'><strong>dialectus</strong></span> <span class='ocrx_word' id='word_1_25' title='bbox 1032 660 1218 727; x_wconf 84' lang='lat' dir='ltr'><strong>semiticae</strong></span> 
     </span>
     <span class='ocr_line' id='line_1_6' title="bbox 190 759 1216 846; baseline -0.002 -15"><span class='ocrx_word' id='word_1_26' title='bbox 190 764 367 831; x_wconf 88' lang='lat' dir='ltr'><strong>flexionem</strong></span> <span class='ocrx_word' id='word_1_27' title='bbox 386 781 526 827; x_wconf 87' lang='lat' dir='ltr'><strong>casuum</strong></span> <span class='ocrx_word' id='word_1_28' title='bbox 544 766 579 827; x_wconf 92' lang='lat' dir='ltr'><strong>et</strong></span> <span class='ocrx_word' id='word_1_29' title='bbox 597 760 841 827; x_wconf 78' lang='lat' dir='ltr'><strong>declinationes</strong></span> <span class='ocrx_word' id='word_1_30' title='bbox 864 759 1003 846; x_wconf 89' lang='lat' dir='ltr'><strong>proprie</strong></span> <span class='ocrx_word' id='word_1_31' title='bbox 1025 761 1075 826; x_wconf 91' lang='lat' dir='ltr'><strong>sic</strong></span> <span class='ocrx_word' id='word_1_32' title='bbox 1099 762 1216 829; x_wconf 88' lang='lat' dir='ltr'><strong>dictas</strong></span> 
     </span>
     <span class='ocr_line' id='line_1_7' title="bbox 189 861 1216 950; baseline -0.003 -17"><span class='ocrx_word' id='word_1_33' title='bbox 189 888 257 934; x_wconf 90' lang='lat' dir='ltr'><strong>non</strong></span> <span class='ocrx_word' id='word_1_34' title='bbox 278 862 434 950; x_wconf 83' lang='lat' dir='ltr'><strong>habet*).</strong></span> <span class='ocrx_word' id='word_1_35' title='bbox 476 861 610 948; x_wconf 85' lang='lat' dir='ltr'><strong>Singuli</strong></span> <span class='ocrx_word' id='word_1_36' title='bbox 636 883 735 928; x_wconf 88' lang='lat' dir='ltr'><strong>casus</strong></span> <span class='ocrx_word' id='word_1_37' title='bbox 761 882 822 949; x_wconf 90' lang='lat' dir='ltr'><strong>per</strong></span> <span class='ocrx_word' id='word_1_38' title='bbox 844 861 1124 947; x_wconf 88' lang='lat' dir='ltr'><strong>Praepositiones</strong></span> <span class='ocrx_word' id='word_1_39' title='bbox 1154 885 1216 930; x_wconf 86' lang='lat' dir='ltr'><strong>ex·</strong></span> 
     </span>
     <span class='ocr_line' id='line_1_8' title="bbox 189 961 1216 1054; baseline -0.001 -20"><span class='ocrx_word' id='word_1_40' title='bbox 189 969 394 1054; x_wconf 87' lang='lat' dir='ltr'><strong>primuntur,</strong></span> <span class='ocrx_word' id='word_1_41' title='bbox 413 961 591 1030; x_wconf 83' lang='lat' dir='ltr'><strong>Genitirus</strong></span> <span class='ocrx_word' id='word_1_42' title='bbox 608 984 687 1031; x_wconf 83' lang='lat' dir='ltr'><strong>vero</strong></span> <span class='ocrx_word' id='word_1_43' title='bbox 706 964 906 1050; x_wconf 87' lang='lat' dir='ltr'><strong>plerumque</strong></span> <span class='ocrx_word' id='word_1_44' title='bbox 929 963 994 1048; x_wconf 79' lang='lat' dir='ltr'><strong>ita,</strong></span> <span class='ocrx_word' id='word_1_45' title='bbox 1019 970 1058 1030; x_wconf 87' lang='lat' dir='ltr'><strong>ut</strong></span> <span class='ocrx_word' id='word_1_46' title='bbox 1084 987 1216 1033; x_wconf 90' lang='lat' dir='ltr'><strong>nomen</strong></span> 
     </span>
     <span class='ocr_line' id='line_1_9' title="bbox 189 1066 1216 1154; baseline -0.003 -17"><span class='ocrx_word' id='word_1_47' title='bbox 189 1091 309 1154; x_wconf 85' lang='lat' dir='ltr'><strong>regens</strong></span> <span class='ocrx_word' id='word_1_48' title='bbox 328 1066 455 1134; x_wconf 91' lang='lat' dir='ltr'><strong>nomini</strong></span> <span class='ocrx_word' id='word_1_49' title='bbox 473 1070 566 1132; x_wconf 87' lang='lat' dir='ltr'><strong>recto</strong></span> <span class='ocrx_word' id='word_1_50' title='bbox 589 1066 825 1151; x_wconf 87' lang='lat' dir='ltr'><strong>praepositum</strong></span> <span class='ocrx_word' id='word_1_51' title='bbox 848 1087 925 1132; x_wconf 89' lang='lat' dir='ltr'><strong>oum</strong></span> <span class='ocrx_word' id='word_1_52' title='bbox 952 1087 991 1133; x_wconf 87' lang='lat' dir='ltr'><strong>eo</strong></span> <span class='ocrx_word' id='word_1_53' title='bbox 1017 1066 1216 1134; x_wconf 86' lang='lat' dir='ltr'><strong>arctissime</strong></span> 
     </span>
     <span class='ocr_line' id='line_1_10' title="bbox 190 1167 1215 1256; baseline 0 -20"><span class='ocrx_word' id='word_1_54' title='bbox 190 1173 432 1256; x_wconf 84' lang='lat' dir='ltr'><strong>conjungatur,</strong></span> <span class='ocrx_word' id='word_1_55' title='bbox 469 1173 504 1233; x_wconf 89' lang='lat' dir='ltr'><strong>et</strong></span> <span class='ocrx_word' id='word_1_56' title='bbox 537 1169 574 1233; x_wconf 91' lang='lat' dir='ltr'><strong>in</strong></span> <span class='ocrx_word' id='word_1_57' title='bbox 604 1187 707 1234; x_wconf 90' lang='lat' dir='ltr'><strong>unam</strong></span> <span class='ocrx_word' id='word_1_58' title='bbox 738 1167 837 1253; x_wconf 88' lang='lat' dir='ltr'><strong>quasi</strong></span> <span class='ocrx_word' id='word_1_59' title='bbox 872 1189 987 1234; x_wconf 86' lang='lat' dir='ltr'><strong>vocem</strong></span> <span class='ocrx_word' id='word_1_60' title='bbox 1022 1167 1215 1236; x_wconf 78' lang='lat' dir='ltr'><strong>coalescat.</strong></span> 
     </span>
     <span class='ocr_line' id='line_1_11' title="bbox 190 1268 1215 1354; baseline -0.003 -14"><span class='ocrx_word' id='word_1_61' title='bbox 190 1273 278 1340; x_wconf 90' lang='lat' dir='ltr'><strong>Hinc</strong></span> <span class='ocrx_word' id='word_1_62' title='bbox 302 1269 464 1349; x_wconf 85' lang='lat' dir='ltr'><strong>efficitur,</strong></span> <span class='ocrx_word' id='word_1_63' title='bbox 488 1275 527 1334; x_wconf 93' lang='lat' dir='ltr'><strong>ut</strong></span> <span class='ocrx_word' id='word_1_64' title='bbox 548 1269 644 1354; x_wconf 89' lang='lat' dir='ltr'><strong>prius</strong></span> <span class='ocrx_word' id='word_1_65' title='bbox 662 1291 784 1338; x_wconf 89' lang='lat' dir='ltr'><strong>nomen</strong></span> <span class='ocrx_word' id='word_1_66' title='bbox 801 1276 883 1337; x_wconf 91' lang='lat' dir='ltr'><strong>tono</strong></span> <span class='ocrx_word' id='word_1_67' title='bbox 902 1269 971 1336; x_wconf 84' lang='lat' dir='ltr'><strong>fere</strong></span> <span class='ocrx_word' id='word_1_68' title='bbox 990 1268 1215 1353; x_wconf 85' lang='lat' dir='ltr'><strong>destitutum,</strong></span> 
     </span>
     <span class='ocr_line' id='line_1_12' title="bbox 190 1369 1217 1458; baseline -0.001 -18"><span class='ocrx_word' id='word_1_69' title='bbox 190 1372 326 1458; x_wconf 91' lang='lat' dir='ltr'><strong>quando</strong></span> <span class='ocrx_word' id='word_1_70' title='bbox 357 1369 430 1437; x_wconf 89' lang='lat' dir='ltr'><strong>fieri</strong></span> <span class='ocrx_word' id='word_1_71' title='bbox 460 1376 590 1457; x_wconf 88' lang='lat' dir='ltr'><strong>potest,</strong></span> <span class='ocrx_word' id='word_1_72' title='bbox 624 1371 860 1453; x_wconf 77' lang='lat' dir='ltr'><strong>contrahatur,</strong></span> <span class='ocrx_word' id='word_1_73' title='bbox 892 1377 954 1437; x_wconf 90' lang='lat' dir='ltr'><strong>aut</strong></span> <span class='ocrx_word' id='word_1_74' title='bbox 983 1372 1217 1440; x_wconf 82' lang='lat' dir='ltr'><strong>mutationem</strong></span> 
     </span>
     <span class='ocr_line' id='line_1_13' title="bbox 190 1472 1215 1560; baseline 0 -19"><span class='ocrx_word' id='word_1_75' title='bbox 190 1473 355 1560; x_wconf 88' lang='lat' dir='ltr'><strong>ejusmodi</strong></span> <span class='ocrx_word' id='word_1_76' title='bbox 386 1472 521 1555; x_wconf 83' lang='lat' dir='ltr'><strong>subeat,</strong></span> <span class='ocrx_word' id='word_1_77' title='bbox 555 1494 624 1559; x_wconf 90' lang='lat' dir='ltr'><strong>qua</strong></span> <span class='ocrx_word' id='word_1_78' title='bbox 650 1473 842 1558; x_wconf 90' lang='lat' dir='ltr'><strong>conjunctio</strong></span> <span class='ocrx_word' id='word_1_79' title='bbox 872 1472 1007 1541; x_wconf 79' lang='lat' dir='ltr'><strong>facilior</strong></span> <span class='ocrx_word' id='word_1_80' title='bbox 1037 1474 1215 1541; x_wconf 88' lang='lat' dir='ltr'><strong>redditur.</strong></span> 
     </span>
     <span class='ocr_line' id='line_1_14' title="bbox 190 1574 1216 1644; baseline -0.001 0"><span class='ocrx_word' id='word_1_81' title='bbox 190 1577 282 1644; x_wconf 88' lang='lat' dir='ltr'><strong>Haec</strong></span> <span class='ocrx_word' id='word_1_82' title='bbox 309 1575 419 1642; x_wconf 87' lang='lat' dir='ltr'><strong>forma</strong></span> <span class='ocrx_word' id='word_1_83' title='bbox 446 1595 467 1640; x_wconf 83' lang='lat' dir='ltr'><strong>a</strong></span> <span class='ocrx_word' id='word_1_84' title='bbox 489 1574 726 1642; x_wconf 86' lang='lat' dir='ltr'><strong>Grammaticis</strong></span> <span class='ocrx_word' id='word_1_85' title='bbox 757 1586 862 1642; x_wconf 86' lang='lat' dir='ltr'><strong>status</strong></span> <span class='ocrx_word' id='word_1_86' title='bbox 888 1587 1092 1644; x_wconf 84' lang='lat' dir='ltr'><strong>constructus</strong></span> <span class='ocrx_word' id='word_1_87' title='bbox 1122 1599 1216 1643; x_wconf 92' lang='lat' dir='ltr'><strong>nun·</strong></span> 
     </span>
     <span class='ocr_line' id='line_1_15' title="bbox 190 1675 1217 1764; baseline -0.001 -19"><span class='ocrx_word' id='word_1_88' title='bbox 190 1679 309 1764; x_wconf 83' lang='lat' dir='ltr'><strong>cupari</strong></span> <span class='ocrx_word' id='word_1_89' title='bbox 347 1677 450 1758; x_wconf 87' lang='lat' dir='ltr'><strong>solet,</strong></span> <span class='ocrx_word' id='word_1_90' title='bbox 484 1675 595 1742; x_wconf 89' lang='lat' dir='ltr'><strong>altera</strong></span> <span class='ocrx_word' id='word_1_91' title='bbox 625 1699 722 1757; x_wconf 78' lang='lat' dir='ltr'><strong>vero,</strong></span> <span class='ocrx_word' id='word_1_92' title='bbox 755 1697 796 1743; x_wconf 80' lang='lat' dir='ltr'><strong>ex</strong></span> <span class='ocrx_word' id='word_1_93' title='bbox 825 1697 893 1762; x_wconf 89' lang='lat' dir='ltr'><strong>qua</strong></span> <span class='ocrx_word' id='word_1_94' title='bbox 919 1698 1041 1744; x_wconf 90' lang='lat' dir='ltr'><strong>nomen</strong></span> <span class='ocrx_word' id='word_1_95' title='bbox 1069 1685 1217 1762; x_wconf 88' lang='lat' dir='ltr'><strong>praeter</strong></span> 
     </span>
     <span class='ocr_line' id='line_1_16' title="bbox 191 1779 1216 1866; baseline 0.001 -20"><span class='ocrx_word' id='word_1_96' title='bbox 191 1779 460 1866; x_wconf 89' lang='lat' dir='ltr'><strong>conjunctionem</strong></span> <span class='ocrx_word' id='word_1_97' title='bbox 479 1779 636 1846; x_wconf 85' lang='lat' dir='ltr'><strong>absolute</strong></span> <span class='ocrx_word' id='word_1_98' title='bbox 653 1779 805 1865; x_wconf 91' lang='lat' dir='ltr'><strong>positum</strong></span> <span class='ocrx_word' id='word_1_99' title='bbox 826 1785 893 1860; x_wconf 85' lang='lat' dir='ltr'><strong>est,</strong></span> <span class='ocrx_word' id='word_1_100' title='bbox 917 1791 1019 1847; x_wconf 79' lang='lat' dir='ltr'><strong>status</strong></span> <span class='ocrx_word' id='word_1_101' title='bbox 1043 1787 1216 1849; x_wconf 79' lang='lat' dir='ltr'><strong>absolutus</strong></span> 
     </span>
     <span class='ocr_line' id='line_1_17' title="bbox 190 1870 1216 1966; baseline 0 -17"><span class='ocrx_word' id='word_1_102' title='bbox 190 1881 325 1949; x_wconf 86' lang='lat' dir='ltr'><strong>dicitur.</strong></span> <span class='ocrx_word' id='word_1_103' title='bbox 351 1880 416 1948; x_wconf 89' lang='lat' dir='ltr'><strong>Sed</strong></span> <span class='ocrx_word' id='word_1_104' title='bbox 429 1881 465 1947; x_wconf 92' lang='lat' dir='ltr'><strong>in</strong></span> <span class='ocrx_word' id='word_1_105' title='bbox 479 1880 599 1966; x_wconf 84' lang='lat' dir='ltr'><strong>lingua</strong></span> <span class='ocrx_word' id='word_1_106' title='bbox 613 1870 908 1966; x_wconf 86' lang='lat' dir='ltr'><strong>samaritanaipsa</strong></span> <span class='ocrx_word' id='word_1_107' title='bbox 921 1883 1025 1966; x_wconf 84' lang='lat' dir='ltr'><strong>stirps</strong></span> <span class='ocrx_word' id='word_1_108' title='bbox 1035 1903 1115 1949; x_wconf 88' lang='lat' dir='ltr'><strong>raro</strong></span> <span class='ocrx_word' id='word_1_109' title='bbox 1129 1903 1216 1950; x_wconf 93' lang='lat' dir='ltr'><strong>con·</strong></span> 
     </span>
     <span class='ocr_line' id='line_1_18' title="bbox 190 1983 1215 2068; baseline -0.001 -18"><span class='ocrx_word' id='word_1_110' title='bbox 190 1985 349 2052; x_wconf 86' lang='lat' dir='ltr'><strong>trahitur.</strong></span> <span class='ocrx_word' id='word_1_111' title='bbox 370 1983 411 2049; x_wconf 92' lang='lat' dir='ltr'><strong>In</strong></span> <span class='ocrx_word' id='word_1_112' title='bbox 421 1983 615 2051; x_wconf 87' lang='lat' dir='ltr'><strong>nominibus</strong></span> <span class='ocrx_word' id='word_1_113' title='bbox 625 2003 726 2049; x_wconf 88' lang='lat' dir='ltr'><strong>masc.</strong></span> <span class='ocrx_word' id='word_1_114' title='bbox 736 1983 812 2050; x_wconf 88' lang='lat' dir='ltr'><strong>sola</strong></span> <span class='ocrx_word' id='word_1_115' title='bbox 820 1983 1016 2050; x_wconf 88' lang='lat' dir='ltr'><strong>terminatio</strong></span> <span class='ocrx_word' id='word_1_116' title='bbox 1026 1985 1116 2068; x_wconf 87' lang='lat' dir='ltr'><strong>plur.</strong></span> <span class='ocrx_word' id='word_1_117' title='bbox 1125 1984 1215 2064; x_wconf 55' lang='grc' dir='ltr'><strong>’ΒΜ</strong></span> 
     </span>
     <span class='ocr_line' id='line_1_19' title="bbox 188 2070 1215 2188; baseline 0.002 -35"><span class='ocrx_word' id='word_1_118' title='bbox 188 2109 234 2153; x_wconf 87' lang='lat' dir='ltr'><strong>em</strong></span> <span class='ocrx_word' id='word_1_119' title='bbox 253 2109 280 2153; x_wconf 84' lang='lat' dir='ltr'><strong>s.</strong></span> <span class='ocrx_word' id='word_1_120' title='bbox 300 2094 339 2152; x_wconf 83' lang='lat' dir='ltr'><strong>im</strong></span> <span class='ocrx_word' id='word_1_121' title='bbox 358 2070 420 2188; x_wconf 59' lang='lat' dir='ltr'><strong>Ml</strong></span> <span class='ocrx_word' id='word_1_122' title='bbox 439 2107 478 2151; x_wconf 84' lang='lat' dir='ltr'><strong>en</strong></span> <span class='ocrx_word' id='word_1_123' title='bbox 496 2108 523 2152; x_wconf 86' lang='lat' dir='ltr'><strong>s.</strong></span> <span class='ocrx_word' id='word_1_124' title='bbox 543 2091 575 2149; x_wconf 83' lang='lat' dir='ltr'><strong>in</strong></span> <span class='ocrx_word' id='word_1_125' title='bbox 597 2085 633 2149; x_wconf 93' lang='lat' dir='ltr'><strong>in</strong></span> <span class='ocrx_word' id='word_1_126' title='bbox 656 2081 693 2162; x_wconf 69' lang='lat' dir='ltr'><strong>al</strong></span> <span class='ocrx_word' id='word_1_127' title='bbox 716 2091 728 2149; x_wconf 76' lang='grc' dir='ltr'><strong><em>ἰ</em></strong></span> <span class='ocrx_word' id='word_1_128' title='bbox 749 2089 916 2166; x_wconf 85' lang='lat' dir='ltr'><strong>mutatur,</strong></span> <span class='ocrx_word' id='word_1_129' title='bbox 940 2085 1104 2151; x_wconf 87' lang='lat' dir='ltr'><strong>feminina</strong></span> <span class='ocrx_word' id='word_1_130' title='bbox 1127 2108 1215 2155; x_wconf 84' lang='lat' dir='ltr'><strong>vero</strong></span> 
     </span>
     <span class='ocr_line' id='line_1_20' title="bbox 188 2180 1214 2271; baseline 0.002 -17"><span class='ocrx_word' id='word_1_131' title='bbox 188 2188 444 2255; x_wconf 86' lang='lat' dir='ltr'><strong>terminationes</strong></span> <span class='ocrx_word' id='word_1_132' title='bbox 467 2185 551 2271; x_wconf 88' lang='lat' dir='ltr'><strong>sing.</strong></span> <span class='ocrx_word' id='word_1_133' title='bbox 572 2186 610 2263; x_wconf 60' lang='grc' dir='ltr'>ἔ</span> <span class='ocrx_word' id='word_1_134' title='bbox 631 2209 666 2267; x_wconf 86' lang='grc' dir='ltr'><strong>α,</strong></span> <span class='ocrx_word' id='word_1_135' title='bbox 689 2180 756 2263; x_wconf 56' lang='grc' dir='ltr'><strong>ἴα</strong></span> <span class='ocrx_word' id='word_1_136' title='bbox 778 2209 805 2253; x_wconf 91' lang='lat' dir='ltr'><strong>s.</strong></span> <span class='ocrx_word' id='word_1_137' title='bbox 826 2208 859 2266; x_wconf 84' lang='lat' dir='ltr'><strong>o,</strong></span> <span class='ocrx_word' id='word_1_138' title='bbox 884 2186 993 2265; x_wconf 69' lang='lat' dir='ltr'><strong>allis.</strong></span> <span class='ocrx_word' id='word_1_139' title='bbox 1014 2187 1083 2253; x_wconf 87' lang='lat' dir='ltr'><strong>ein</strong></span> <span class='ocrx_word' id='word_1_140' title='bbox 1166 2196 1214 2270; x_wconf 72' lang='lat' dir='ltr'><strong>ct,</strong></span> 
     </span>
    </p>

    <p class='ocr_par' dir='ltr' id='par_1_5' title="bbox 188 2260 1215 2884">
     <span class='ocr_line' id='line_1_21' title="bbox 230 2260 1214 2392; baseline 0.004 -38"><span class='ocrx_word' id='word_1_141' title='bbox 230 2284 353 2365; x_wconf 47' lang='lat' dir='ltr'><strong>tots.</strong></span> <span class='ocrx_word' id='word_1_142' title='bbox 374 2298 423 2366; x_wconf 85' lang='lat' dir='ltr'><strong>ut,</strong></span> <span class='ocrx_word' id='word_1_143' title='bbox 442 2283 615 2366; x_wconf 56' lang='lat' dir='ltr'><strong>Amata.</strong></span> <span class='ocrx_word' id='word_1_144' title='bbox 636 2260 1083 2392; x_wconf 55' lang='lat' dir='ltr'><strong>it,etplur.]s.]ltctn,</strong></span> <span class='ocrx_word' id='word_1_145' title='bbox 1131 2285 1214 2366; x_wconf 56' lang='grc' dir='ltr'><strong>ἵε.</strong></span> 
     </span>
     <span class='ocr_line' id='line_1_22' title="bbox 189 2291 1212 2495; baseline 0.001 -38"><span class='ocrx_word' id='word_1_146' title='bbox 189 2291 288 2495; x_wconf 48' lang='lat' dir='ltr'><strong>qm</strong></span> <span class='ocrx_word' id='word_1_147' title='bbox 311 2387 397 2469; x_wconf 79' lang='lat' dir='ltr'><strong>u&#39;dn,</strong></span> <span class='ocrx_word' id='word_1_148' title='bbox 420 2360 785 2492; x_wconf 41' lang='lat' dir='ltr'><strong>afflafllttllidnin</strong></span> <span class='ocrx_word' id='word_1_149' title='bbox 801 2391 888 2470; x_wconf 61' lang='lat' dir='ltr'><strong>Aa.</strong></span> <span class='ocrx_word' id='word_1_150' title='bbox 908 2391 1059 2471; x_wconf 66' lang='lat' dir='ltr'><strong>Mdt,</strong></span> <span class='ocrx_word' id='word_1_151' title='bbox 1082 2388 1159 2468; x_wconf 63' lang='lat' dir='ltr'>M</span> <span class='ocrx_word' id='word_1_152' title='bbox 1182 2417 1212 2460; x_wconf 91' lang='lat' dir='ltr'><strong>s.</strong></span> 
     </span>
     <span class='ocr_line' id='line_1_23' title="bbox 190 2487 1215 2572; baseline 0.002 -14"><span class='ocrx_word' id='word_1_153' title='bbox 190 2487 303 2570; x_wconf 47' lang='lat' dir='ltr'><strong>Mt&amp;</strong></span> <span class='ocrx_word' id='word_1_154' title='bbox 329 2488 405 2572; x_wconf 77' lang='lat' dir='ltr'><strong>u&#39;dt,</strong></span> <span class='ocrx_word' id='word_1_155' title='bbox 432 2489 510 2569; x_wconf 71' lang='lat' dir='ltr'><strong>Ml</strong></span> <span class='ocrx_word' id='word_1_156' title='bbox 538 2513 566 2558; x_wconf 87' lang='lat' dir='ltr'><strong>s.</strong></span> <span class='ocrx_word' id='word_1_157' title='bbox 594 2489 716 2570; x_wconf 57' lang='lat' dir='ltr'><strong>Mam</strong></span> <span class='ocrx_word' id='word_1_158' title='bbox 738 2489 791 2557; x_wconf 74' lang='lat' dir='ltr'><strong>i&#39;ut</strong></span> <span class='ocrx_word' id='word_1_159' title='bbox 814 2498 1035 2560; x_wconf 86' lang='lat' dir='ltr'><strong>commutant.</strong></span> <span class='ocrx_word' id='word_1_160' title='bbox 1081 2494 1215 2562; x_wconf 84' lang='lat' dir='ltr'><strong>Exstat</strong></span> 
     </span>
     <span class='ocr_line' id='line_1_24' title="bbox 190 2587 1213 2680; baseline 0.003 -20"><span class='ocrx_word' id='word_1_161' title='bbox 190 2593 334 2678; x_wconf 91' lang='lat' dir='ltr'><strong>denique</strong></span> <span class='ocrx_word' id='word_1_162' title='bbox 360 2587 396 2659; x_wconf 93' lang='lat' dir='ltr'><strong>in</strong></span> <span class='ocrx_word' id='word_1_163' title='bbox 418 2593 537 2678; x_wconf 81' lang='lat' dir='ltr'><strong>lingua</strong></span> <span class='ocrx_word' id='word_1_164' title='bbox 558 2613 653 2676; x_wconf 90' lang='lat' dir='ltr'><strong>sam.,</strong></span> <span class='ocrx_word' id='word_1_165' title='bbox 681 2601 720 2660; x_wconf 92' lang='lat' dir='ltr'><strong>ut</strong></span> <span class='ocrx_word' id='word_1_166' title='bbox 746 2594 782 2660; x_wconf 91' lang='lat' dir='ltr'><strong>in</strong></span> <span class='ocrx_word' id='word_1_167' title='bbox 806 2593 983 2676; x_wconf 84' lang='lat' dir='ltr'><strong>chaldaica</strong></span> <span class='ocrx_word' id='word_1_168' title='bbox 1003 2600 1038 2661; x_wconf 92' lang='lat' dir='ltr'><strong>et</strong></span> <span class='ocrx_word' id='word_1_169' title='bbox 1060 2595 1213 2680; x_wconf 88' lang='lat' dir='ltr'><strong>syriaca,</strong></span> 
     </span>
     <span class='ocr_line' id='line_1_25' title="bbox 188 2695 1211 2781; baseline 0.002 -18"><span class='ocrx_word' id='word_1_170' title='bbox 188 2695 294 2763; x_wconf 86' lang='lat' dir='ltr'><strong>tertia</strong></span> <span class='ocrx_word' id='word_1_171' title='bbox 316 2716 450 2780; x_wconf 89' lang='lat' dir='ltr'><strong>quoque</strong></span> <span class='ocrx_word' id='word_1_172' title='bbox 471 2695 598 2777; x_wconf 86' lang='lat' dir='ltr'><strong>forma,</strong></span> <span class='ocrx_word' id='word_1_173' title='bbox 623 2716 710 2781; x_wconf 88' lang='lat' dir='ltr'><strong>quae</strong></span> <span class='ocrx_word' id='word_1_174' title='bbox 733 2706 834 2762; x_wconf 85' lang='lat' dir='ltr'><strong>status</strong></span> <span class='ocrx_word' id='word_1_175' title='bbox 852 2702 1047 2780; x_wconf 76' lang='lat' dir='ltr'><strong>emphaticas</strong></span> <span class='ocrx_word' id='word_1_176' title='bbox 1065 2696 1211 2781; x_wconf 91' lang='lat' dir='ltr'><strong>dicitur,</strong></span> 
     </span>
     <span class='ocr_line' id='line_1_26' title="bbox 190 2797 1212 2884; baseline 0.004 -20"><span class='ocrx_word' id='word_1_177' title='bbox 190 2804 225 2864; x_wconf 92' lang='lat' dir='ltr'><strong>et</strong></span> <span class='ocrx_word' id='word_1_178' title='bbox 245 2803 420 2866; x_wconf 78' lang='lat' dir='ltr'><strong>Articulum</strong></span> <span class='ocrx_word' id='word_1_179' title='bbox 443 2798 594 2884; x_wconf 87' lang='lat' dir='ltr'><strong>supplet,</strong></span> <span class='ocrx_word' id='word_1_180' title='bbox 622 2799 704 2864; x_wconf 88' lang='lat' dir='ltr'><strong>licet</strong></span> <span class='ocrx_word' id='word_1_181' title='bbox 728 2797 784 2863; x_wconf 93' lang='lat' dir='ltr'><strong>hic</strong></span> <span class='ocrx_word' id='word_1_182' title='bbox 806 2797 909 2864; x_wconf 87' lang='lat' dir='ltr'><strong>etiam</strong></span> <span class='ocrx_word' id='word_1_183' title='bbox 935 2820 956 2864; x_wconf 86' lang='lat' dir='ltr'><strong>a</strong></span> <span class='ocrx_word' id='word_1_184' title='bbox 978 2798 1212 2868; x_wconf 87' lang='lat' dir='ltr'><strong>Samaritanis</strong></span> 
     </span>
    </p>
   </div>
   <div class='ocr_carea' id='block_1_5' title="bbox 188 2964 391 2976">
    <p class='ocr_par' dir='ltr' id='par_1_6' title="bbox 188 2964 391 2976">
     <span class='ocr_line' id='line_1_27' title="bbox 188 2964 391 2976; baseline -0.02 0"><span class='ocrx_word' id='word_1_185' title='bbox 188 2964 391 2976; x_wconf 63' lang='grc' dir='ltr'>...η-...-</span> 
     </span>
    </p>
   </div>
   <div class='ocr_carea' id='block_1_6' title="bbox 189 3061 1213 3396">
    <p class='ocr_par' dir='ltr' id='par_1_7' title="bbox 189 3061 1213 3396">
     <span class='ocr_line' id='line_1_28' title="bbox 199 3061 1212 3144; baseline 0.002 -20"><span class='ocrx_word' id='word_1_186' title='bbox 199 3087 201 3092; x_wconf 96' lang='grc'><strong><em>·</em></strong></span> <span class='ocrx_word' id='word_1_187' title='bbox 273 3065 301 3143; x_wconf 90' lang='grc'><strong>*)</strong></span> <span class='ocrx_word' id='word_1_188' title='bbox 324 3061 385 3124; x_wconf 83' lang='lat' dir='ltr'><strong>Sed</strong></span> <span class='ocrx_word' id='word_1_189' title='bbox 399 3062 581 3124; x_wconf 83' lang='lat' dir='ltr'><strong>Accusativi</strong></span> <span class='ocrx_word' id='word_1_190' title='bbox 597 3068 678 3122; x_wconf 87' lang='lat' dir='ltr'><strong>certe</strong></span> <span class='ocrx_word' id='word_1_191' title='bbox 693 3082 792 3138; x_wconf 82' lang='lat' dir='ltr'><strong>casus,</strong></span> <span class='ocrx_word' id='word_1_192' title='bbox 807 3065 928 3141; x_wconf 89' lang='lat' dir='ltr'><strong>qualem</strong></span> <span class='ocrx_word' id='word_1_193' title='bbox 942 3063 1063 3125; x_wconf 87' lang='lat' dir='ltr'><strong>Arabes</strong></span> <span class='ocrx_word' id='word_1_194' title='bbox 1078 3063 1212 3144; x_wconf 85' lang='lat' dir='ltr'><strong>habent,</strong></span> 
     </span>
     <span class='ocr_line' id='line_1_29' title="bbox 189 3149 1213 3228; baseline 0.002 -20"><span class='ocrx_word' id='word_1_195' title='bbox 189 3149 354 3225; x_wconf 82' lang='lat' dir='ltr'><strong>vestigium</strong></span> <span class='ocrx_word' id='word_1_196' title='bbox 365 3150 520 3227; x_wconf 88' lang='lat' dir='ltr'><strong>reperitur</strong></span> <span class='ocrx_word' id='word_1_197' title='bbox 530 3149 562 3208; x_wconf 91' lang='lat' dir='ltr'><strong>in</strong></span> <span class='ocrx_word' id='word_1_198' title='bbox 578 3151 621 3208; x_wconf 82' lang='lat' dir='ltr'><strong>He</strong></span> <span class='ocrx_word' id='word_1_199' title='bbox 636 3151 722 3207; x_wconf 83' lang='lat' dir='ltr'><strong>locali</strong></span> <span class='ocrx_word' id='word_1_200' title='bbox 740 3149 761 3209; x_wconf 92' lang='lat' dir='ltr'><strong>i.</strong></span> <span class='ocrx_word' id='word_1_201' title='bbox 776 3168 801 3210; x_wconf 90' lang='lat' dir='ltr'><strong>e.</strong></span> <span class='ocrx_word' id='word_1_202' title='bbox 816 3149 849 3207; x_wconf 88' lang='lat' dir='ltr'><strong>in</strong></span> <span class='ocrx_word' id='word_1_203' title='bbox 865 3150 1079 3210; x_wconf 87' lang='lat' dir='ltr'><strong>terminatione</strong></span> <span class='ocrx_word' id='word_1_204' title='bbox 1093 3150 1213 3228; x_wconf 84' lang='lat' dir='ltr'><strong>(hebr.)</strong></span> 
     </span>
     <span class='ocr_line' id='line_1_30' title="bbox 189 3231 1213 3312; baseline 0.005 -21"><span class='ocrx_word' id='word_1_205' title='bbox 189 3237 211 3291; x_wconf 65' lang='lat' dir='ltr'><strong>tl</strong></span> <span class='ocrx_word' id='word_1_206' title='bbox 229 3237 260 3307; x_wconf 82' lang='lat' dir='ltr'><strong>d,</strong></span> <span class='ocrx_word' id='word_1_207' title='bbox 276 3253 354 3311; x_wconf 85' lang='lat' dir='ltr'><strong>quoe</strong></span> <span class='ocrx_word' id='word_1_208' title='bbox 374 3233 424 3293; x_wconf 89' lang='lat' dir='ltr'><strong>hic</strong></span> <span class='ocrx_word' id='word_1_209' title='bbox 445 3233 510 3293; x_wconf 89' lang='lat' dir='ltr'><strong>illic</strong></span> <span class='ocrx_word' id='word_1_210' title='bbox 525 3231 667 3306; x_wconf 89' lang='lat' dir='ltr'><strong>occurrit,</strong></span> <span class='ocrx_word' id='word_1_211' title='bbox 682 3254 717 3292; x_wconf 88' lang='lat' dir='ltr'><strong>ac</strong></span> <span class='ocrx_word' id='word_1_212' title='bbox 732 3232 929 3293; x_wconf 88' lang='lat' dir='ltr'><strong>directionem</strong></span> <span class='ocrx_word' id='word_1_213' title='bbox 943 3235 977 3294; x_wconf 88' lang='lat' dir='ltr'><strong>in</strong></span> <span class='ocrx_word' id='word_1_214' title='bbox 990 3234 1120 3312; x_wconf 86' lang='lat' dir='ltr'><strong>aliquid,</strong></span> <span class='ocrx_word' id='word_1_215' title='bbox 1138 3237 1213 3298; x_wconf 83' lang='lat' dir='ltr'><strong>sive</strong></span> 
     </span>
     <span class='ocr_line' id='line_1_31' title="bbox 190 3317 971 3396; baseline 0.008 -22"><span class='ocrx_word' id='word_1_216' title='bbox 190 3321 305 3376; x_wconf 89' lang='lat' dir='ltr'><strong>motum</strong></span> <span class='ocrx_word' id='word_1_217' title='bbox 319 3317 352 3376; x_wconf 95' lang='lat' dir='ltr'><strong>in</strong></span> <span class='ocrx_word' id='word_1_218' title='bbox 367 3317 503 3395; x_wconf 88' lang='lat' dir='ltr'><strong>aliquem</strong></span> <span class='ocrx_word' id='word_1_219' title='bbox 517 3319 617 3378; x_wconf 91' lang='lat' dir='ltr'><strong>locum</strong></span> <span class='ocrx_word' id='word_1_220' title='bbox 631 3317 807 3395; x_wconf 88' lang='lat' dir='ltr'><strong>plerumque</strong></span> <span class='ocrx_word' id='word_1_221' title='bbox 823 3317 971 3396; x_wconf 83' lang='lat' dir='ltr'><strong>designat.</strong></span> 
     </span>
    </p>
   </div>
   <div class='ocr_carea' id='block_1_7' title="bbox 0 0 1300 3932">
    <p class='ocr_par' dir='ltr' id='par_1_8' title="bbox 0 0 1300 3932">
     <span class='ocr_line' id='line_1_32' title="bbox 0 0 1300 3932; baseline 0 0"><span class='ocrx_word' id='word_1_222' title='bbox 0 0 1300 3932; x_wconf 95' lang='lat' dir='ltr'><strong> </strong></span> 
     </span>
    </p>
   </div>
  </div>
 </body>
</html>
