2592 3932
201 221 221 281 6
461 228 545 293 Signa
559 230 690 292 orthogr„
705 233 794 290 tonus,
810 228 888 291 signa
902 226 964 277 dist.
1006 209 1014 223 ²

279 399 308 473 l,
323 397 477 460 Punctum
494 393 620 459 litteris
635 391 877 477 expungendis,
894 411 982 475 quae
995 411 1057 476 per
1071 411 1227 484 errorem

201 494 331 560 scribae
345 495 567 580 irrepserunt,
583 492 859 578 superscribitur.

278 601 307 679 2,
327 602 426 663 Linea
453 603 637 674 diceritiec,
662 615 768 678 eaque
794 594 899 678 plana
919 592 1172 679 (horizontalis)
1195 616 1225 660 s,

199 699 354 784 paullum
387 698 528 782 obliqua
563 697 689 762 litteris
720 717 842 762 vocum
873 698 1076 780 praesertim
1102 696 1229 761 mediis

202 801 430 887 superposita,
464 818 550 881 quae
581 798 741 864 lectorem
773 793 969 880 admoneat,
1001 805 1041 864 ut
1071 799 1227 864 animum

198 902 285 969 bene
317 902 473 968 attendat
505 900 548 964 ad
573 899 661 966 hanc
686 920 811 981 vocem,
845 921 933 984 quae
958 902 1133 968 notionem
1161 922 1226 966 seu

199 1004 343 1070 formam
372 1001 678 1069 extraordinariam
695 1002 810 1068 habet.
855 1003 943 1067 Hinc
965 1003 1058 1068 haud
1081 1022 1160 1068 raro
1185 1005 1227 1068 in

198 1105 330 1171 Nomm.
343 1124 460 1188 propr.
472 1103 663 1170 adhibetur.
680 1126 709 1170 e.
719 1127 750 1188 g.
767 1094 898 1181 ‘tfflV
909 1105 931 1168 l.
945 1111 1072 1184 Itebcb,
1084 1093 1226 1182 ‘5²5²ss

198 1207 219 1272 l.
239 1212 372 1284 Aseter,
396 1226 439 1270 ne
463 1205 714 1272 confundantur
741 1227 816 1272 cum
841 1199 969 1285 ‘XMV
992 1207 1016 1272 1.
1043 1213 1143 1274 dsetu
1161 1211 1221 1291 3p.

197 1308 245 1393 pl.
258 1308 347 1373 Peri.
362 1308 404 1373 ab
416 1308 551 1385 ’ἔων
565 1309 587 1372 l.
605 1313 714 1388 docte,
734 1313 768 1373 et
786 1309 921 1384 “Jffllt
939 1308 962 1373 l.
984 1315 1100 1376 eseber
1118 1308 1224 1374 Pron.

197 1410 259 1475 rel.
277 1447 321 1458 -
341 1431 455 1494 porro,
470 1410 530 1475 ubi
547 1410 709 1476 scribitur
732 1399 863 1486 ‘HM
879 1432 943 1494 pro
963 1413 1102 1488 ‘Mela
1118 1411 1142 1476 l.
1163 1417 1224 1476 ete

92 1536 96 1544 ·
197 1511 220 1576 i.
241 1533 268 1576 e.
296 1513 432 1592 „venit“,
458 1532 501 1576 ne
518 1510 654 1596 legatur
672 1519 740 1577 dite
759 1513 780 1576 i.
803 1533 830 1577 e.
852 1517 925 1592 „tu“
944 1504 1041 1590 ’Μ
1058 1513 1082 1578 l.
1103 1524 1137 1578 ct
1154 1535 1222 1596 pro

198 1613 332 1690 ’ΞΜ
348 1616 370 1679 i.
392 1635 420 1678 e.
442 1618 524 1694 „tu“‚
545 1636 587 1679 ne
604 1614 760 1697 proferas
779 1627 810 1680 et
828 1615 850 1679 i.
872 1637 901 1680 e.
947 1615 1069 1700 Praep.
1092 1623 1222 1696 „cum;“

198 1720 301 1798 atque
322 1717 405 1781 adeo
425 1715 605 1798 reperitur,
630 1716 689 1782 ubi
707 1715 824 1782 littera
841 1711 870 1790 ἶ
888 1716 1148 1801 pronuncianda
1167 1724 1225 1784 est

196 1823 236 1883 ut
256 1824 273 1882 b
292 1838 319 1882 e.
335 1841 367 1902 g.
389 1812 518 1894 ‘ellim
531 1817 553 1882 l.
570 1824 702 1884 sebethi
715 1840 740 1882 s.
757 1824 894 1884 sebethi.
929 1818 997 1885 Sed
1011 1839 1224 1902 magnopere

198 1917 359 1985 differunt
383 1918 472 1984 inter
499 1941 534 1986 se
557 1921 689 1986 codices
713 1921 937 2006 manuscripti
966 1922 1002 1985 in
1028 1942 1094 1986 usu
1116 1921 1226 2007 hujus

196 2020 316 2101 lineae,
337 2041 438 2104 quam
458 2021 517 2086 alii
535 2043 646 2106 saepe,
666 2022 726 2088 alii
744 2023 852 2088 multo
872 2023 984 2089 rarius
1003 2030 1185 2107 usurpant.

274 2125 304 2208 ξ.
326 2128 355 2188 9.
393 2121 516 2203 Toum,
537 2124 565 2188 si
584 2125 684 2190 modo
703 2124 896 2190 litterarum
914 2126 1053 2192 nomina
1072 2131 1106 2190 et
1118 2145 1222 2192 voces

196 2223 449 2308 monosyllabas
473 2224 639 2290 Praefixis
666 2227 851 2291 instructas
877 2230 919 2311 (e.
949 2250 980 2310 g.
1011 2223 1167 2305 ‘'fltsslfl
1194 2228 1222 2294 l.

196 2332 307 2404 enjon
332 2347 357 2390 s.
388 2331 514 2406 bejjdm,
547 2321 705 2405 ‘Itffl
728 2328 751 2393 l.
781 2333 843 2410 et,
868 2325 968 2409 Ἢῖ
991 2329 1014 2394 l.
1046 2331 1141 2415 ufdp)
1161 2351 1225 2394 ex-

198 2428 338 2512 ceperis,
358 2428 581 2512 penultimam
600 2430 767 2514 syllabam
785 2453 917 2516 semper
935 2432 1032 2511 ferit3
1052 2432 1111 2496 sed
1129 2431 1222 2498 hanc

198 2528 307 2612 legem
326 2529 512 2596 Samaritae
531 2530 684 2597 Arabum
702 2533 835 2598 demum
853 2535 990 2619 liuguae
1008 2533 1098 2598 inter
1124 2533 1225 2618 ipsos

195 2631 416 2698 invalescenti
435 2631 555 2700 debere
575 2633 728 2699 dixerim.

273 2735 304 2819 ξ.
328 2738 377 2798 10.
407 2737 625 2800 distinctionis
643 2744 736 2815 steno
754 2742 834 2802 sunt
852 2737 1046 2820 sequentia:

299 2840 328 2916 1,
347 2834 515 2901 Punctum
535 2858 680 2920 superne
698 2839 738 2924 (‘)
758 2838 894 2904 litterae
911 2839 1052 2904 ultimae
1067 2839 1223 2905 omniurn

350 2958 470 3004 vocum
493 2939 703 3022 appositum,
733 2941 825 3024 quod
850 2941 1019 3025 singulam
1047 2937 1221 3025 quamque

348 3039 488 3104 dirimat
506 3060 526 3104 a
544 3048 717 3125 sequente.
826 3053 828 3058 “

300 3144 330 3221 2,
352 3140 427 3207 Duo
451 3147 580 3226 puncta
603 3144 671 3208 sive
697 3143 740 3208 ad
763 3143 1043 3228 perpendiculum
1069 3146 1121 3230 (ζ),
1147 3145 1219 3212 sive

349 3243 384 3307 in
402 3248 632 3310 transversum
653 3247 678 3328 (.
691 3247 716 3332 .)
736 3246 861 3329 posita,
881 3267 920 3312 ac
938 3248 1007 3312 tria
1026 3249 1130 3312 atiani
1151 3249 1218 3333 (ς),

353 3366 440 3429 quae
460 3347 652 3412 accentibus
672 3347 905 3414 Hebraeorum
924 3349 1128 3414 distinctivis
1147 3372 1219 3415 nna-
