<?xml version="1.0" encoding="UTF-8"?>
<!DOCTYPE html PUBLIC "-//W3C//DTD XHTML 1.0 Transitional//EN"
    "http://www.w3.org/TR/xhtml1/DTD/xhtml1-transitional.dtd">
<html xmlns="http://www.w3.org/1999/xhtml" xml:lang="en" lang="en">
 <head>
  <title>
</title>
<meta http-equiv="Content-Type" content="text/html;charset=utf-8" />
  <meta name='ocr-system' content='tesseract 3.04.00' />
  <meta name='ocr-capabilities' content='ocr_page ocr_carea ocr_par ocr_line ocrx_word'/>
</head>
<body>
  <div class='ocr_page' id='page_1' title='image "./brevislinguaesa00petegoog_0018.png"; bbox 0 0 2592 3932; ppageno 0'>
   <div class='ocr_carea' id='block_1_1' title="bbox 404 229 1092 302">
    <p class='ocr_par' dir='ltr' id='par_1_1' title="bbox 404 229 1092 302">
     <span class='ocr_line' id='line_1_1' title="bbox 404 229 1092 302; baseline 0.009 -16"><span class='ocrx_word' id='word_1_1' title='bbox 404 235 537 301; x_wconf 79' lang='lat' dir='ltr'>Syllabas,</span> <span class='ocrx_word' id='word_1_2' title='bbox 552 237 629 302; x_wconf 75' lang='lat' dir='ltr'>signa</span> <span class='ocrx_word' id='word_1_3' title='bbox 644 237 766 302; x_wconf 76' lang='lat' dir='ltr'>orthogr.</span> <span class='ocrx_word' id='word_1_4' title='bbox 1072 229 1092 292; x_wconf 79' lang='grc' dir='ltr'>ὅ</span> 
     </span>
    </p>
   </div>
   <div class='ocr_carea' id='block_1_2' title="bbox 71 399 1093 3438">
    <p class='ocr_par' dir='ltr' id='par_1_2' title="bbox 177 399 1092 588">
     <span class='ocr_line' id='line_1_2' title="bbox 177 399 1092 490; baseline 0.004 -24"><span class='ocrx_word' id='word_1_5' title='bbox 177 404 207 481; x_wconf 87' lang='grc'>3,</span> <span class='ocrx_word' id='word_1_6' title='bbox 227 399 466 486; x_wconf 86' lang='lat' dir='ltr'>Diphthongos</span> <span class='ocrx_word' id='word_1_7' title='bbox 493 421 571 468; x_wconf 83' lang='lat' dir='ltr'>vere</span> <span class='ocrx_word' id='word_1_8' title='bbox 600 402 648 467; x_wconf 91' lang='lat' dir='ltr'>sic</span> <span class='ocrx_word' id='word_1_9' title='bbox 675 401 785 468; x_wconf 89' lang='lat' dir='ltr'>dictas</span> <span class='ocrx_word' id='word_1_10' title='bbox 814 399 1004 469; x_wconf 80' lang='lat' dir='ltr'>Samaritae</span> <span class='ocrx_word' id='word_1_11' title='bbox 1030 423 1092 490; x_wconf 92' lang='lat' dir='ltr'>pa·</span> 
     </span>
     <span class='ocr_line' id='line_1_3' title="bbox 227 503 983 588; baseline 0.004 -21"><span class='ocrx_word' id='word_1_12' title='bbox 227 503 312 569; x_wconf 83' lang='lat' dir='ltr'>riter</span> <span class='ocrx_word' id='word_1_13' title='bbox 332 508 435 586; x_wconf 89' lang='lat' dir='ltr'>atque</span> <span class='ocrx_word' id='word_1_14' title='bbox 454 503 514 568; x_wconf 93' lang='lat' dir='ltr'>alii</span> <span class='ocrx_word' id='word_1_15' title='bbox 532 503 679 570; x_wconf 83' lang='lat' dir='ltr'>Semitas</span> <span class='ocrx_word' id='word_1_16' title='bbox 697 525 765 570; x_wconf 90' lang='lat' dir='ltr'>non</span> <span class='ocrx_word' id='word_1_17' title='bbox 784 509 983 588; x_wconf 84' lang='lat' dir='ltr'>agnoscunt.</span> 
     </span>
    </p>

    <p class='ocr_par' dir='ltr' id='par_1_3' title="bbox 71 605 1093 3228">
     <span class='ocr_line' id='line_1_4' title="bbox 154 605 1091 690; baseline 0.004 -22"><span class='ocrx_word' id='word_1_18' title='bbox 154 605 183 690; x_wconf 60' lang='grc' dir='ltr'>ᾗ.</span> <span class='ocrx_word' id='word_1_19' title='bbox 205 609 235 669; x_wconf 87' lang='lat'>7.</span> <span class='ocrx_word' id='word_1_20' title='bbox 273 609 433 686; x_wconf 70' lang='lat' dir='ltr'>Syllabas,</span> <span class='ocrx_word' id='word_1_21' title='bbox 453 625 551 690; x_wconf 89' lang='lat' dir='ltr'>quae,</span> <span class='ocrx_word' id='word_1_22' title='bbox 568 605 597 671; x_wconf 89' lang='lat' dir='ltr'>si</span> <span class='ocrx_word' id='word_1_23' title='bbox 614 605 725 672; x_wconf 87' lang='lat' dir='ltr'>vocali</span> <span class='ocrx_word' id='word_1_24' title='bbox 743 605 877 685; x_wconf 87' lang='lat' dir='ltr'>finiunt,</span> <span class='ocrx_word' id='word_1_25' title='bbox 892 613 1047 688; x_wconf 78' lang='lat' dir='ltr'><strong><em>simplices</em></strong></span> <span class='ocrx_word' id='word_1_26' title='bbox 1066 629 1091 672; x_wconf 89' lang='lat' dir='ltr'>s.</span> 
     </span>
     <span class='ocr_line' id='line_1_5' title="bbox 73 707 1092 790; baseline 0.003 -18"><span class='ocrx_word' id='word_1_27' title='bbox 73 719 220 790; x_wconf 81' lang='lat' dir='ltr'>apertae,</span> <span class='ocrx_word' id='word_1_28' title='bbox 251 707 280 771; x_wconf 92' lang='lat' dir='ltr'>si</span> <span class='ocrx_word' id='word_1_29' title='bbox 305 707 342 771; x_wconf 92' lang='lat' dir='ltr'>in</span> <span class='ocrx_word' id='word_1_30' title='bbox 373 711 615 774; x_wconf 80' lang='lat' dir='ltr'>consonantem</span> <span class='ocrx_word' id='word_1_31' title='bbox 646 707 817 788; x_wconf 87' lang='lat' dir='ltr'>desinunt,</span> <span class='ocrx_word' id='word_1_32' title='bbox 845 715 1036 790; x_wconf 82' lang='lat' dir='ltr'>compositae</span> <span class='ocrx_word' id='word_1_33' title='bbox 1064 731 1092 775; x_wconf 85' lang='lat' dir='ltr'>s.</span> 
     </span>
     <span class='ocr_line' id='line_1_6' title="bbox 74 808 1091 895; baseline -0.001 -19"><span class='ocrx_word' id='word_1_34' title='bbox 74 816 205 876; x_wconf 83' lang='lat' dir='ltr'>clausae</span> <span class='ocrx_word' id='word_1_35' title='bbox 223 808 394 888; x_wconf 87' lang='lat' dir='ltr'>dicuntur,</span> <span class='ocrx_word' id='word_1_36' title='bbox 416 814 444 890; x_wconf 90' lang='lat'>1,</span> <span class='ocrx_word' id='word_1_37' title='bbox 459 829 621 893; x_wconf 80' lang='lat' dir='ltr'>persaepe</span> <span class='ocrx_word' id='word_1_38' title='bbox 636 809 780 876; x_wconf 80' lang='lat' dir='ltr'>avocali</span> <span class='ocrx_word' id='word_1_39' title='bbox 792 809 970 894; x_wconf 85' lang='lat' dir='ltr'>incipiunt,</span> <span class='ocrx_word' id='word_1_40' title='bbox 986 832 1091 895; x_wconf 89' lang='lat' dir='ltr'>quum</span> 
     </span>
     <span class='ocr_line' id='line_1_7' title="bbox 74 910 1089 995; baseline 0 -19"><span class='ocrx_word' id='word_1_41' title='bbox 74 911 212 976; x_wconf 77' lang='lat' dir='ltr'>litterae</span> <span class='ocrx_word' id='word_1_42' title='bbox 236 910 427 994; x_wconf 85' lang='lat' dir='ltr'>gutturales</span> <span class='ocrx_word' id='word_1_43' title='bbox 455 911 547 978; x_wconf 90' lang='lat' dir='ltr'>omni</span> <span class='ocrx_word' id='word_1_44' title='bbox 565 931 647 978; x_wconf 88' lang='lat' dir='ltr'>sono</span> <span class='ocrx_word' id='word_1_45' title='bbox 667 916 807 978; x_wconf 87' lang='lat' dir='ltr'>careant</span> <span class='ocrx_word' id='word_1_46' title='bbox 825 931 853 976; x_wconf 93' lang='lat' dir='ltr'>e.</span> <span class='ocrx_word' id='word_1_47' title='bbox 869 933 902 995; x_wconf 84' lang='lat' dir='ltr'>g.</span> <span class='ocrx_word' id='word_1_48' title='bbox 923 911 1048 988; x_wconf 63' lang='grc' dir='ltr'>’ἢῖῙὴ</span> <span class='ocrx_word' id='word_1_49' title='bbox 1066 911 1089 977; x_wconf 92' lang='lat' dir='ltr'>l.</span> 
     </span>
     <span class='ocr_line' id='line_1_8' title="bbox 73 1011 1092 1097; baseline 0 -20"><span class='ocrx_word' id='word_1_50' title='bbox 73 1011 141 1078; x_wconf 69' lang='lat' dir='ltr'>cleb</span> <span class='ocrx_word' id='word_1_51' title='bbox 156 1050 201 1062; x_wconf 97' lang='lat'>-</span> <span class='ocrx_word' id='word_1_52' title='bbox 222 1016 251 1091; x_wconf 86' lang='lat'>2,</span> <span class='ocrx_word' id='word_1_53' title='bbox 267 1018 411 1096; x_wconf 90' lang='lat' dir='ltr'>possunt</span> <span class='ocrx_word' id='word_1_54' title='bbox 428 1011 532 1076; x_wconf 88' lang='lat' dir='ltr'>etiam</span> <span class='ocrx_word' id='word_1_55' title='bbox 550 1012 699 1097; x_wconf 88' lang='lat' dir='ltr'>incipere</span> <span class='ocrx_word' id='word_1_56' title='bbox 717 1033 739 1077; x_wconf 94' lang='lat' dir='ltr'>a</span> <span class='ocrx_word' id='word_1_57' title='bbox 756 1019 964 1080; x_wconf 84' lang='lat' dir='ltr'>consonante</span> <span class='ocrx_word' id='word_1_58' title='bbox 981 1012 1092 1081; x_wconf 82' lang='lat' dir='ltr'>vocali</span> 
     </span>
     <span class='ocr_line' id='line_1_9' title="bbox 75 1113 1091 1199; baseline 0.003 -19"><span class='ocrx_word' id='word_1_59' title='bbox 75 1116 260 1195; x_wconf 80' lang='lat' dir='ltr'>destituta3</span> <span class='ocrx_word' id='word_1_60' title='bbox 279 1115 338 1179; x_wconf 89' lang='lat' dir='ltr'>sed</span> <span class='ocrx_word' id='word_1_61' title='bbox 356 1115 559 1198; x_wconf 88' lang='lat' dir='ltr'>praesertim</span> <span class='ocrx_word' id='word_1_62' title='bbox 574 1115 616 1180; x_wconf 94' lang='lat' dir='ltr'>ab</span> <span class='ocrx_word' id='word_1_63' title='bbox 635 1115 734 1181; x_wconf 90' lang='lat' dir='ltr'>initio</span> <span class='ocrx_word' id='word_1_64' title='bbox 748 1135 867 1182; x_wconf 88' lang='lat' dir='ltr'>vocum</span> <span class='ocrx_word' id='word_1_65' title='bbox 885 1113 1020 1199; x_wconf 88' lang='lat' dir='ltr'>plenam</span> <span class='ocrx_word' id='word_1_66' title='bbox 1034 1137 1091 1183; x_wconf 89' lang='lat' dir='ltr'>vo-</span> 
     </span>
     <span class='ocr_line' id='line_1_10' title="bbox 76 1214 1093 1302; baseline -0.001 -19"><span class='ocrx_word' id='word_1_67' title='bbox 76 1216 184 1283; x_wconf 87' lang='lat' dir='ltr'>calem</span> <span class='ocrx_word' id='word_1_68' title='bbox 202 1214 392 1282; x_wconf 88' lang='lat' dir='ltr'>Samaritae</span> <span class='ocrx_word' id='word_1_69' title='bbox 410 1216 624 1300; x_wconf 84' lang='lat' dir='ltr'>praeferunt,</span> <span class='ocrx_word' id='word_1_70' title='bbox 652 1237 793 1300; x_wconf 90' lang='lat' dir='ltr'>eamque</span> <span class='ocrx_word' id='word_1_71' title='bbox 816 1221 877 1282; x_wconf 89' lang='lat' dir='ltr'>aut</span> <span class='ocrx_word' id='word_1_72' title='bbox 898 1216 1093 1302; x_wconf 84' lang='lat' dir='ltr'>praefigunt</span> 
     </span>
     <span class='ocr_line' id='line_1_11' title="bbox 74 1312 1091 1402; baseline 0 -18"><span class='ocrx_word' id='word_1_73' title='bbox 74 1324 137 1384; x_wconf 91' lang='lat' dir='ltr'>aut</span> <span class='ocrx_word' id='word_1_74' title='bbox 153 1319 309 1384; x_wconf 90' lang='lat' dir='ltr'>inserunt</span> <span class='ocrx_word' id='word_1_75' title='bbox 327 1338 356 1383; x_wconf 88' lang='lat' dir='ltr'>e.</span> <span class='ocrx_word' id='word_1_76' title='bbox 377 1340 410 1402; x_wconf 84' lang='lat' dir='ltr'>g.</span> <span class='ocrx_word' id='word_1_77' title='bbox 431 1312 564 1401; x_wconf 54' lang='lat' dir='ltr'>‘mlv</span> <span class='ocrx_word' id='word_1_78' title='bbox 582 1318 603 1382; x_wconf 86' lang='lat' dir='ltr'>l.</span> <span class='ocrx_word' id='word_1_79' title='bbox 622 1321 722 1398; x_wconf 59' lang='lat' dir='ltr'>mitta</span> <span class='ocrx_word' id='word_1_80' title='bbox 746 1341 774 1384; x_wconf 91' lang='lat' dir='ltr'>s.</span> <span class='ocrx_word' id='word_1_81' title='bbox 798 1325 917 1399; x_wconf 71' lang='lat' dir='ltr'>patula,</span> <span class='ocrx_word' id='word_1_82' title='bbox 944 1312 1045 1401; x_wconf 63' lang='grc' dir='ltr'>’ΝΥ</span> <span class='ocrx_word' id='word_1_83' title='bbox 1067 1320 1091 1385; x_wconf 93' lang='lat' dir='ltr'>l.</span> 
     </span>
     <span class='ocr_line' id='line_1_12' title="bbox 72 1413 1091 1506; baseline 0.005 -22"><span class='ocrx_word' id='word_1_84' title='bbox 72 1427 163 1502; x_wconf 76' lang='lat' dir='ltr'>thcl</span> <span class='ocrx_word' id='word_1_85' title='bbox 184 1442 211 1486; x_wconf 91' lang='lat' dir='ltr'>s.</span> <span class='ocrx_word' id='word_1_86' title='bbox 239 1425 336 1500; x_wconf 68' lang='lat' dir='ltr'>catal,</span> <span class='ocrx_word' id='word_1_87' title='bbox 362 1421 459 1504; x_wconf 90' lang='lat' dir='ltr'>cujus</span> <span class='ocrx_word' id='word_1_88' title='bbox 486 1420 562 1488; x_wconf 89' lang='lat' dir='ltr'>loco</span> <span class='ocrx_word' id='word_1_89' title='bbox 582 1426 616 1485; x_wconf 83' lang='lat' dir='ltr'>et</span> <span class='ocrx_word' id='word_1_90' title='bbox 634 1413 779 1502; x_wconf 62' lang='lat' dir='ltr'>‘atla</span> <span class='ocrx_word' id='word_1_91' title='bbox 797 1420 968 1502; x_wconf 86' lang='lat' dir='ltr'>scribitur,</span> <span class='ocrx_word' id='word_1_92' title='bbox 987 1441 1091 1506; x_wconf 88' lang='lat' dir='ltr'>porro</span> 
     </span>
     <span class='ocr_line' id='line_1_13' title="bbox 73 1493 1092 1624; baseline 0.002 -38"><span class='ocrx_word' id='word_1_93' title='bbox 73 1519 188 1601; x_wconf 63' lang='lat' dir='ltr'>ure]</span> <span class='ocrx_word' id='word_1_94' title='bbox 206 1522 229 1586; x_wconf 87' lang='lat'>1.</span> <span class='ocrx_word' id='word_1_95' title='bbox 245 1527 307 1600; x_wconf 70' lang='lat' dir='ltr'>aa·</span> <span class='ocrx_word' id='word_1_96' title='bbox 324 1493 448 1624; x_wconf 64' lang='lat' dir='ltr'>urm]</span> <span class='ocrx_word' id='word_1_97' title='bbox 467 1522 490 1587; x_wconf 87' lang='lat'>1.</span> <span class='ocrx_word' id='word_1_98' title='bbox 510 1527 621 1601; x_wconf 71' lang='lat' dir='ltr'>aseer,</span> <span class='ocrx_word' id='word_1_99' title='bbox 646 1522 739 1587; x_wconf 73' lang='lat' dir='ltr'>rare.</span> <span class='ocrx_word' id='word_1_100' title='bbox 758 1521 926 1602; x_wconf 52' lang='lat' dir='ltr'>aaaron</span> <span class='ocrx_word' id='word_1_101' title='bbox 943 1522 965 1586; x_wconf 86' lang='lat'>1.</span> <span class='ocrx_word' id='word_1_102' title='bbox 986 1528 1092 1588; x_wconf 73' lang='lat' dir='ltr'>amru-</span> 
     </span>
     <span class='ocr_line' id='line_1_14' title="bbox 72 1621 1092 1705; baseline 0 -15"><span class='ocrx_word' id='word_1_103' title='bbox 72 1647 130 1705; x_wconf 86' lang='lat' dir='ltr'>cm,</span> <span class='ocrx_word' id='word_1_104' title='bbox 158 1621 312 1702; x_wconf 55' lang='lat' dir='ltr'>‘ffffi&#39;ssl</span> <span class='ocrx_word' id='word_1_105' title='bbox 334 1623 358 1688; x_wconf 91' lang='lat' dir='ltr'>l.</span> <span class='ocrx_word' id='word_1_106' title='bbox 384 1629 559 1688; x_wconf 75' lang='lat' dir='ltr'>emdcbbcr.</span> <span class='ocrx_word' id='word_1_107' title='bbox 611 1623 647 1688; x_wconf 87' lang='lat' dir='ltr'>Si</span> <span class='ocrx_word' id='word_1_108' title='bbox 669 1645 734 1690; x_wconf 84' lang='lat' dir='ltr'>vox</span> <span class='ocrx_word' id='word_1_109' title='bbox 759 1625 801 1689; x_wconf 86' lang='lat' dir='ltr'>ab</span> <span class='ocrx_word' id='word_1_110' title='bbox 828 1645 898 1690; x_wconf 90' lang='lat' dir='ltr'>una</span> <span class='ocrx_word' id='word_1_111' title='bbox 926 1625 1092 1690; x_wconf 83' lang='lat' dir='ltr'>alitteris</span> 
     </span>
     <span class='ocr_line' id='line_1_15' title="bbox 72 1724 1092 1812; baseline 0.004 -24"><span class='ocrx_word' id='word_1_112' title='bbox 72 1726 116 1806; x_wconf 70' lang='lat' dir='ltr'>fl,</span> <span class='ocrx_word' id='word_1_113' title='bbox 136 1727 189 1805; x_wconf 52' lang='grc' dir='ltr'>Ἢ,</span> <span class='ocrx_word' id='word_1_114' title='bbox 208 1725 239 1804; x_wconf 68' lang='grc'>3</span> <span class='ocrx_word' id='word_1_115' title='bbox 256 1725 389 1809; x_wconf 87' lang='lat' dir='ltr'>incipit,</span> <span class='ocrx_word' id='word_1_116' title='bbox 408 1724 565 1790; x_wconf 85' lang='lat' dir='ltr'>Praefixa</span> <span class='ocrx_word' id='word_1_117' title='bbox 582 1727 624 1803; x_wconf 53' lang='grc' dir='ltr'>*Β</span> <span class='ocrx_word' id='word_1_118' title='bbox 645 1733 705 1790; x_wconf 89' lang='lat' dir='ltr'>aut</span> <span class='ocrx_word' id='word_1_119' title='bbox 723 1724 756 1799; x_wconf 70' lang='lat' dir='ltr'>fl</span> <span class='ocrx_word' id='word_1_120' title='bbox 779 1726 825 1811; x_wconf 67' lang='grc'>(3</span> <span class='ocrx_word' id='word_1_121' title='bbox 842 1748 910 1792; x_wconf 91' lang='lat' dir='ltr'>non</span> <span class='ocrx_word' id='word_1_122' title='bbox 929 1727 1092 1812; x_wconf 84' lang='lat' dir='ltr'>occurrit)</span> 
     </span>
     <span class='ocr_line' id='line_1_16' title="bbox 72 1822 1090 1910; baseline 0 -18"><span class='ocrx_word' id='word_1_123' title='bbox 72 1826 222 1892; x_wconf 73' lang='lat' dir='ltr'>vocalia</span> <span class='ocrx_word' id='word_1_124' title='bbox 241 1823 439 1904; x_wconf 83' lang='lat' dir='ltr'>efferuntur,</span> <span class='ocrx_word' id='word_1_125' title='bbox 464 1825 506 1890; x_wconf 88' lang='lat' dir='ltr'>cf.</span> <span class='ocrx_word' id='word_1_126' title='bbox 527 1822 675 1902; x_wconf 64' lang='grc' dir='ltr'>’Πίῆῇἢ</span> <span class='ocrx_word' id='word_1_127' title='bbox 692 1825 715 1890; x_wconf 90' lang='lat' dir='ltr'>l.</span> <span class='ocrx_word' id='word_1_128' title='bbox 736 1832 856 1892; x_wconf 64' lang='lat' dir='ltr'>baberi.</span> <span class='ocrx_word' id='word_1_129' title='bbox 893 1825 1090 1910; x_wconf 52' lang='lat'>2231531.</span> 
     </span>
     <span class='ocr_line' id='line_1_17' title="bbox 72 1901 1092 2032; baseline 0 -38"><span class='ocrx_word' id='word_1_130' title='bbox 72 1933 225 1994; x_wconf 69' lang='lat' dir='ltr'>mamcllcl</span> <span class='ocrx_word' id='word_1_131' title='bbox 242 1927 319 2012; x_wconf 88' lang='lat' dir='ltr'>(pro</span> <span class='ocrx_word' id='word_1_132' title='bbox 335 1927 559 2014; x_wconf 75' lang='lat' dir='ltr'>„m³mallel“)‚</span> <span class='ocrx_word' id='word_1_133' title='bbox 572 1901 798 2032; x_wconf 50' lang='lat' dir='ltr'>‘jfflss&#39;l’flfl</span> <span class='ocrx_word' id='word_1_134' title='bbox 817 1928 840 1992; x_wconf 93' lang='grc'>1.</span> <span class='ocrx_word' id='word_1_135' title='bbox 862 1933 1000 1993; x_wconf 79' lang='lat' dir='ltr'>bamisoa</span> <span class='ocrx_word' id='word_1_136' title='bbox 1015 1931 1092 2012; x_wconf 88' lang='lat' dir='ltr'>(pro</span> 
     </span>
     <span class='ocr_line' id='line_1_18' title="bbox 73 2029 1092 2115; baseline -0.001 -20"><span class='ocrx_word' id='word_1_137' title='bbox 73 2031 255 2115; x_wconf 90' lang='lat' dir='ltr'>abmison).</span> <span class='ocrx_word' id='word_1_138' title='bbox 292 2029 452 2113; x_wconf 84' lang='lat' dir='ltr'>Excipias</span> <span class='ocrx_word' id='word_1_139' title='bbox 475 2030 575 2096; x_wconf 89' lang='lat' dir='ltr'>modo</span> <span class='ocrx_word' id='word_1_140' title='bbox 603 2029 874 2096; x_wconf 80' lang='lat' dir='ltr'>Praeformativa</span> <span class='ocrx_word' id='word_1_141' title='bbox 896 2031 976 2095; x_wconf 87' lang='lat' dir='ltr'>Fut.</span> <span class='ocrx_word' id='word_1_142' title='bbox 1003 2029 1092 2094; x_wconf 89' lang='lat' dir='ltr'>Piel:</span> 
     </span>
     <span class='ocr_line' id='line_1_19' title="bbox 73 2123 1093 2213; baseline 0.001 -18"><span class='ocrx_word' id='word_1_143' title='bbox 73 2127 237 2210; x_wconf 56' lang='lat' dir='ltr'>‘ffi‘tss&#39;l</span> <span class='ocrx_word' id='word_1_144' title='bbox 259 2130 283 2194; x_wconf 93' lang='lat' dir='ltr'>l.</span> <span class='ocrx_word' id='word_1_145' title='bbox 301 2128 455 2212; x_wconf 56' lang='lat' dir='ltr'>jerasa,</span> <span class='ocrx_word' id='word_1_146' title='bbox 481 2123 624 2213; x_wconf 58' lang='grc' dir='ltr'>’ΝΜ</span> <span class='ocrx_word' id='word_1_147' title='bbox 647 2132 669 2196; x_wconf 92' lang='lat' dir='ltr'>l.</span> <span class='ocrx_word' id='word_1_148' title='bbox 691 2138 829 2212; x_wconf 77' lang='lat' dir='ltr'>tethtel.</span> <span class='ocrx_word' id='word_1_149' title='bbox 852 2169 897 2181; x_wconf 88' lang='lat'><em>-</em></span> <span class='ocrx_word' id='word_1_150' title='bbox 922 2130 972 2197; x_wconf 88' lang='lat' dir='ltr'>De</span> <span class='ocrx_word' id='word_1_151' title='bbox 990 2132 1093 2196; x_wconf 88' lang='lat' dir='ltr'>Prae·</span> 
     </span>
     <span class='ocr_line' id='line_1_20' title="bbox 73 2232 1093 2318; baseline -0.002 -20"><span class='ocrx_word' id='word_1_152' title='bbox 73 2233 151 2299; x_wconf 84' lang='lat' dir='ltr'>fixis</span> <span class='ocrx_word' id='word_1_153' title='bbox 173 2233 216 2314; x_wconf 71' lang='lat' dir='ltr'>fl,</span> <span class='ocrx_word' id='word_1_154' title='bbox 241 2233 283 2314; x_wconf 65' lang='grc' dir='ltr'>Ἰ,</span> <span class='ocrx_word' id='word_1_155' title='bbox 311 2235 357 2313; x_wconf 60' lang='lat' dir='ltr'>fl,</span> <span class='ocrx_word' id='word_1_156' title='bbox 384 2232 420 2315; x_wconf 75' lang='lat'>2,</span> <span class='ocrx_word' id='word_1_157' title='bbox 445 2235 616 2318; x_wconf 88' lang='lat' dir='ltr'>quomodo</span> <span class='ocrx_word' id='word_1_158' title='bbox 644 2239 678 2298; x_wconf 90' lang='lat' dir='ltr'>et</span> <span class='ocrx_word' id='word_1_159' title='bbox 702 2234 824 2317; x_wconf 89' lang='lat' dir='ltr'>quibus</span> <span class='ocrx_word' id='word_1_160' title='bbox 843 2234 1017 2300; x_wconf 85' lang='lat' dir='ltr'>vocalibus</span> <span class='ocrx_word' id='word_1_161' title='bbox 1041 2233 1093 2297; x_wconf 92' lang='lat' dir='ltr'>in-</span> 
     </span>
     <span class='ocr_line' id='line_1_21' title="bbox 72 2334 1090 2421; baseline -0.002 -20"><span class='ocrx_word' id='word_1_162' title='bbox 72 2342 262 2416; x_wconf 88' lang='lat' dir='ltr'>struantur,</span> <span class='ocrx_word' id='word_1_163' title='bbox 283 2335 359 2400; x_wconf 83' lang='lat' dir='ltr'>vide</span> <span class='ocrx_word' id='word_1_164' title='bbox 377 2334 468 2400; x_wconf 84' lang='lat' dir='ltr'>infra</span> <span class='ocrx_word' id='word_1_165' title='bbox 491 2334 572 2421; x_wconf 83' lang='lat' dir='ltr'>Cap.</span> <span class='ocrx_word' id='word_1_166' title='bbox 589 2336 634 2401; x_wconf 91' lang='grc' dir='ltr'>ΙΙ.</span> <span class='ocrx_word' id='word_1_167' title='bbox 652 2335 769 2420; x_wconf 89' lang='lat' dir='ltr'>(Pron.</span> <span class='ocrx_word' id='word_1_168' title='bbox 786 2335 864 2421; x_wconf 89' lang='lat' dir='ltr'>rel.)</span> <span class='ocrx_word' id='word_1_169' title='bbox 883 2340 918 2400; x_wconf 89' lang='lat' dir='ltr'>et</span> <span class='ocrx_word' id='word_1_170' title='bbox 937 2334 1018 2419; x_wconf 84' lang='lat' dir='ltr'>Cap.</span> <span class='ocrx_word' id='word_1_171' title='bbox 1032 2335 1090 2402; x_wconf 88' lang='lat' dir='ltr'>IV.</span> 
     </span>
     <span class='ocr_line' id='line_1_22' title="bbox 72 2436 1093 2523; baseline -0.002 -20"><span class='ocrx_word' id='word_1_172' title='bbox 72 2443 102 2517; x_wconf 87' lang='lat'>3,</span> <span class='ocrx_word' id='word_1_173' title='bbox 135 2437 295 2523; x_wconf 84' lang='lat' dir='ltr'>Syllabae</span> <span class='ocrx_word' id='word_1_174' title='bbox 325 2436 444 2502; x_wconf 88' lang='lat' dir='ltr'>finales</span> <span class='ocrx_word' id='word_1_175' title='bbox 479 2438 612 2504; x_wconf 88' lang='lat' dir='ltr'>duabus</span> <span class='ocrx_word' id='word_1_176' title='bbox 642 2436 908 2505; x_wconf 90' lang='lat' dir='ltr'>consonantibus</span> <span class='ocrx_word' id='word_1_177' title='bbox 936 2436 1093 2503; x_wconf 82' lang='lat' dir='ltr'>claudere</span> 
     </span>
     <span class='ocr_line' id='line_1_23' title="bbox 71 2531 1093 2625; baseline -0.002 -19"><span class='ocrx_word' id='word_1_178' title='bbox 71 2545 229 2625; x_wconf 86' lang='lat' dir='ltr'>possunt:</span> <span class='ocrx_word' id='word_1_179' title='bbox 245 2531 389 2621; x_wconf 59' lang='lat' dir='ltr'>MV?</span> <span class='ocrx_word' id='word_1_180' title='bbox 402 2539 423 2603; x_wconf 93' lang='lat' dir='ltr'>l.</span> <span class='ocrx_word' id='word_1_181' title='bbox 438 2547 539 2619; x_wconf 68' lang='lat' dir='ltr'>aaran</span> <span class='ocrx_word' id='word_1_182' title='bbox 553 2545 581 2604; x_wconf 85' lang='lat'>2.</span> <span class='ocrx_word' id='word_1_183' title='bbox 595 2563 628 2624; x_wconf 90' lang='lat' dir='ltr'>p.</span> <span class='ocrx_word' id='word_1_184' title='bbox 641 2561 667 2605; x_wconf 87' lang='lat' dir='ltr'>s.</span> <span class='ocrx_word' id='word_1_185' title='bbox 700 2539 762 2620; x_wconf 75' lang='lat' dir='ltr'>Pr,</span> <span class='ocrx_word' id='word_1_186' title='bbox 775 2538 834 2605; x_wconf 82' lang='lat' dir='ltr'>sed</span> <span class='ocrx_word' id='word_1_187' title='bbox 852 2539 986 2606; x_wconf 89' lang='lat' dir='ltr'>malunt</span> <span class='ocrx_word' id='word_1_188' title='bbox 1006 2539 1093 2605; x_wconf 91' lang='lat' dir='ltr'>hanc</span> 
     </span>
     <span class='ocr_line' id='line_1_24' title="bbox 73 2640 1093 2726; baseline 0 -20"><span class='ocrx_word' id='word_1_189' title='bbox 73 2641 216 2706; x_wconf 86' lang='lat' dir='ltr'>formam</span> <span class='ocrx_word' id='word_1_190' title='bbox 230 2641 455 2726; x_wconf 90' lang='lat' dir='ltr'>pronunciare</span> <span class='ocrx_word' id='word_1_191' title='bbox 470 2663 513 2705; x_wconf 91' lang='lat' dir='ltr'>m.</span> <span class='ocrx_word' id='word_1_192' title='bbox 529 2647 651 2722; x_wconf 71' lang='lat' dir='ltr'>patalen</span> <span class='ocrx_word' id='word_1_193' title='bbox 664 2640 687 2705; x_wconf 86' lang='lat' dir='ltr'>f.</span> <span class='ocrx_word' id='word_1_194' title='bbox 704 2647 825 2721; x_wconf 71' lang='lat' dir='ltr'>putatu.</span> <span class='ocrx_word' id='word_1_195' title='bbox 841 2679 887 2691; x_wconf 90' lang='lat'>-</span> <span class='ocrx_word' id='word_1_196' title='bbox 909 2646 939 2723; x_wconf 90' lang='lat'>4,</span> <span class='ocrx_word' id='word_1_197' title='bbox 955 2642 1093 2706; x_wconf 88' lang='lat' dir='ltr'>eaedem</span> 
     </span>
     <span class='ocr_line' id='line_1_25' title="bbox 73 2741 1091 2828; baseline 0.001 -23"><span class='ocrx_word' id='word_1_198' title='bbox 73 2742 171 2826; x_wconf 90' lang='lat' dir='ltr'>plene</span> <span class='ocrx_word' id='word_1_199' title='bbox 191 2743 340 2827; x_wconf 90' lang='lat' dir='ltr'>scriptae</span> <span class='ocrx_word' id='word_1_200' title='bbox 358 2743 491 2809; x_wconf 83' lang='lat' dir='ltr'>uocales</span> <span class='ocrx_word' id='word_1_201' title='bbox 510 2743 630 2828; x_wconf 87' lang='lat' dir='ltr'>longas</span> <span class='ocrx_word' id='word_1_202' title='bbox 648 2766 679 2822; x_wconf 83' lang='lat' dir='ltr'>u,</span> <span class='ocrx_word' id='word_1_203' title='bbox 704 2748 731 2823; x_wconf 74' lang='lat' dir='ltr'>c,</span> <span class='ocrx_word' id='word_1_204' title='bbox 756 2748 774 2807; x_wconf 76' lang='grc' dir='ltr'><strong><em>ὁ</em></strong></span> <span class='ocrx_word' id='word_1_205' title='bbox 799 2763 880 2827; x_wconf 89' lang='lat' dir='ltr'>prae</span> <span class='ocrx_word' id='word_1_206' title='bbox 908 2764 943 2809; x_wconf 89' lang='lat' dir='ltr'>se</span> <span class='ocrx_word' id='word_1_207' title='bbox 967 2741 1091 2822; x_wconf 87' lang='lat' dir='ltr'>ferunt,</span> 
     </span>
     <span class='ocr_line' id='line_1_26' title="bbox 72 2843 1088 2929; baseline -0.002 -21"><span class='ocrx_word' id='word_1_208' title='bbox 72 2843 167 2924; x_wconf 90' lang='lat' dir='ltr'>licet,</span> <span class='ocrx_word' id='word_1_209' title='bbox 192 2845 274 2928; x_wconf 88' lang='lat' dir='ltr'>quia</span> <span class='ocrx_word' id='word_1_210' title='bbox 299 2850 381 2911; x_wconf 89' lang='lat' dir='ltr'>tono</span> <span class='ocrx_word' id='word_1_211' title='bbox 409 2850 540 2925; x_wconf 88' lang='lat' dir='ltr'>carent,</span> <span class='ocrx_word' id='word_1_212' title='bbox 570 2865 670 2929; x_wconf 88' lang='lat' dir='ltr'>saepe</span> <span class='ocrx_word' id='word_1_213' title='bbox 697 2845 833 2911; x_wconf 89' lang='lat' dir='ltr'>brevius</span> <span class='ocrx_word' id='word_1_214' title='bbox 859 2844 1088 2929; x_wconf 86' lang='lat' dir='ltr'>proferantur.</span> 
     </span>
     <span class='ocr_line' id='line_1_27' title="bbox 74 2942 1092 3032; baseline -0.002 -22"><span class='ocrx_word' id='word_1_215' title='bbox 74 2967 102 3010; x_wconf 87' lang='lat' dir='ltr'>e.</span> <span class='ocrx_word' id='word_1_216' title='bbox 124 2968 155 3029; x_wconf 83' lang='lat' dir='ltr'>g.</span> <span class='ocrx_word' id='word_1_217' title='bbox 176 2942 362 3024; x_wconf 56' lang='lat' dir='ltr'>‘ffisslfflffl</span> <span class='ocrx_word' id='word_1_218' title='bbox 378 2947 400 3011; x_wconf 90' lang='lat' dir='ltr'>l.</span> <span class='ocrx_word' id='word_1_219' title='bbox 423 2951 586 3012; x_wconf 70' lang='lat' dir='ltr'>schamem.</span> <span class='ocrx_word' id='word_1_220' title='bbox 610 2984 655 2997; x_wconf 89' lang='lat'><em>-</em></span> <span class='ocrx_word' id='word_1_221' title='bbox 686 2951 716 3026; x_wconf 88' lang='lat'>5,</span> <span class='ocrx_word' id='word_1_222' title='bbox 736 2947 776 3012; x_wconf 93' lang='lat' dir='ltr'>In</span> <span class='ocrx_word' id='word_1_223' title='bbox 794 2945 927 3032; x_wconf 85' lang='lat' dir='ltr'>syllaba</span> <span class='ocrx_word' id='word_1_224' title='bbox 945 2944 1092 3028; x_wconf 87' lang='lat' dir='ltr'>simplici</span> 
     </span>
     <span class='ocr_line' id='line_1_28' title="bbox 73 3045 1088 3134; baseline -0.004 -20"><span class='ocrx_word' id='word_1_225' title='bbox 73 3047 199 3114; x_wconf 85' lang='lat' dir='ltr'>vocalis</span> <span class='ocrx_word' id='word_1_226' title='bbox 218 3054 323 3126; x_wconf 69' lang='lat' dir='ltr'>torpa,</span> <span class='ocrx_word' id='word_1_227' title='bbox 348 3047 384 3113; x_wconf 93' lang='lat' dir='ltr'>in</span> <span class='ocrx_word' id='word_1_228' title='bbox 403 3050 592 3134; x_wconf 81' lang='lat' dir='ltr'>composita</span> <span class='ocrx_word' id='word_1_229' title='bbox 609 3069 689 3115; x_wconf 85' lang='lat' dir='ltr'>vero</span> <span class='ocrx_word' id='word_1_230' title='bbox 708 3055 812 3114; x_wconf 81' lang='lat' dir='ltr'>breuis</span> <span class='ocrx_word' id='word_1_231' title='bbox 830 3069 902 3114; x_wconf 88' lang='lat' dir='ltr'>esse</span> <span class='ocrx_word' id='word_1_232' title='bbox 920 3047 1017 3113; x_wconf 86' lang='lat' dir='ltr'>solet.</span> <span class='ocrx_word' id='word_1_233' title='bbox 1045 3045 1088 3111; x_wconf 86' lang='lat' dir='ltr'>cf.</span> 
     </span>
     <span class='ocr_line' id='line_1_29' title="bbox 74 3148 506 3228; baseline 0.002 -14"><span class='ocrx_word' id='word_1_234' title='bbox 74 3148 270 3228; x_wconf 57' lang='lat' dir='ltr'>‘Mfflffi</span> <span class='ocrx_word' id='word_1_235' title='bbox 288 3149 311 3213; x_wconf 92' lang='lat' dir='ltr'>l.</span> <span class='ocrx_word' id='word_1_236' title='bbox 332 3148 506 3228; x_wconf 69' lang='lat' dir='ltr'>bmrct’csdt.</span> 
     </span>
    </p>

    <p class='ocr_par' dir='ltr' id='par_1_4' title="bbox 74 3247 1093 3438">
     <span class='ocr_line' id='line_1_30' title="bbox 150 3247 1093 3336; baseline -0.001 -20"><span class='ocrx_word' id='word_1_237' title='bbox 150 3253 181 3336; x_wconf 63' lang='grc' dir='ltr'>ξ.</span> <span class='ocrx_word' id='word_1_238' title='bbox 201 3256 231 3316; x_wconf 90' lang='grc'>8.</span> <span class='ocrx_word' id='word_1_239' title='bbox 269 3256 368 3331; x_wconf 66' lang='lat' dir='ltr'>sana</span> <span class='ocrx_word' id='word_1_240' title='bbox 392 3257 644 3334; x_wconf 73' lang='lat' dir='ltr'>ortboprapbe&#39;ca</span> <span class='ocrx_word' id='word_1_241' title='bbox 669 3252 735 3317; x_wconf 88' lang='lat' dir='ltr'>duo</span> <span class='ocrx_word' id='word_1_242' title='bbox 760 3255 895 3315; x_wconf 83' lang='lat' dir='ltr'>tantum</span> <span class='ocrx_word' id='word_1_243' title='bbox 922 3247 1014 3334; x_wconf 82' lang='lat' dir='ltr'>apud</span> <span class='ocrx_word' id='word_1_244' title='bbox 1032 3247 1093 3316; x_wconf 88' lang='lat' dir='ltr'>Sa·</span> 
     </span>
     <span class='ocr_line' id='line_1_31' title="bbox 74 3353 579 3438; baseline 0 -20"><span class='ocrx_word' id='word_1_245' title='bbox 74 3353 213 3420; x_wconf 86' lang='lat' dir='ltr'>maritas</span> <span class='ocrx_word' id='word_1_246' title='bbox 232 3355 467 3438; x_wconf 88' lang='lat' dir='ltr'>reperiuntur:</span> <span class='ocrx_word' id='word_1_247' title='bbox 577 3362 579 3367; x_wconf 80' lang='grc'>’</span> 
     </span>
    </p>
   </div>
   <div class='ocr_carea' id='block_1_3' title="bbox 0 0 1301 3932">
    <p class='ocr_par' dir='ltr' id='par_1_5' title="bbox 0 0 1301 3932">
     <span class='ocr_line' id='line_1_32' title="bbox 0 0 1301 3932; baseline 0 0"><span class='ocrx_word' id='word_1_248' title='bbox 0 0 1301 3932; x_wconf 95' lang='lat' dir='ltr'> </span> 
     </span>
    </p>
   </div>
  </div>
 </body>
</html>
