2592 3932
198 159 242 226 54
447 159 455 175 '
478 167 627 220 Nominum
647 181 750 234 genera
769 171 798 218 et
818 167 934 218 numeri
1001 139 1004 146 ,

199 332 291 419 eipia
307 338 342 400 et
359 331 488 401 formae
500 329 744 420 partieipinlee,
759 351 788 398 e.
808 353 841 418 g.
858 322 961 415 ‘NP
976 337 1065 412 autel
1081 353 1112 398 e.
1135 340 1234 414 quial

199 427 331 520 ‘mv
356 441 443 517 autel
464 455 491 502 e.
518 439 609 517 quial
635 423 765 517 ‘MP
791 440 879 515 qauz
904 424 1045 517 ‘MVY
1071 439 1171 514 qutet
1201 457 1230 501 o.-

198 543 275 621 eqtil
290 559 318 604 e.
338 543 428 619 aetel,
447 556 550 622 porro
569 527 671 619 ’ΝΥ
688 541 792 616 qattal
812 528 954 618 ’ΜΠ
976 541 1085 617 qattel,
1115 541 1230 622 atque

199 640 303 707 etiam
320 639 449 707 formae
467 661 489 705 a
505 636 698 706 nominibus
718 637 891 704 derivatae
908 637 945 703 in
961 607 986 730 ᾗ
1006 659 1062 720 aa,
1089 633 1129 716 m
1157 645 1173 704 i
1196 645 1228 705 et

198 737 291 820 πω
307 738 356 821 a’i,
374 740 453 808 fem·
471 740 510 819 q
527 761 558 823 a,
576 736 667 817 Mt
685 745 719 819 it,
739 739 830 818 ‘em
848 761 890 805 aa
908 737 1116 806 desinentes.

277 878 308 964 ᾗ.
328 881 359 942 2.
397 881 502 944 Genus
524 881 578 942 est
597 875 739 962 triplex,
758 873 998 956 masculinum,
1016 873 1227 943 femininum

197 985 233 1046 et
257 997 450 1058 eommune3
476 982 635 1044 neutrum
658 997 725 1043 nou
749 976 987 1062 distinguitur,
1012 976 1072 1042 sed
1099 978 1227 1044 termi-

199 1081 294 1148 natio
313 1080 391 1146 iem.
410 1084 532 1146 neutro
551 1083 587 1145 et
604 1079 778 1146 abstracto
794 1079 946 1146 notando
965 1077 1122 1145 inservit.

274 1186 456 1249 Masoulina
478 1186 559 1249 eunt
579 1180 718 1247 nomina
737 1180 890 1248 uirorum
912 1187 946 1248 et
967 1178 1123 1248 virilium
1143 1181 1227 1249 offi-

196 1285 336 1364 eiorum,
355 1283 533 1364 montium,
552 1281 744 1365 fluviorum,
763 1282 971 1369 populorum
984 1287 1019 1347 et
1035 1284 1224 1350 mensium.

272 1391 434 1450 Feminina
455 1390 536 1452 eunt
562 1384 700 1450 nomina
724 1384 906 1450 mulierum
933 1388 968 1450 et
993 1383 1226 1468 muliebrium

198 1484 400 1567 officiorum,
414 1486 560 1567 urbium,
577 1487 754 1570 regionum
767 1491 803 1553 et
813 1485 1043 1553 membrorum
1058 1491 1225 1573 eorporis

199 1588 402 1674 praesertim
432 1587 657 1673 geminorum,
690 1608 795 1675 porro
824 1587 945 1672 etiam,
978 1607 1065 1674 quae
1097 1591 1225 1656 tarmi-

197 1689 354 1757 nationes
384 1689 512 1758 habent
540 1691 578 1769 ἴ
604 1689 675 1778 α*),
706 1683 737 1766 ξ
766 1710 786 1756 o
815 1711 844 1757 e.
874 1713 911 1773 u,
940 1683 1014 1767 Iti
1042 1699 1077 1756 ot
1109 1712 1139 1758 s.
1178 1704 1226 1772 ut,

192 1788 273 1870 iusti
297 1803 338 1859 et.

271 1898 447 1960 Communia
475 1898 557 1959 sunt
590 1893 730 1962 nomina
756 1892 969 1980 quorundam
1000 1892 1224 1976 animalium,

193 1998 325 2062 numeri
349 1995 481 2062 denarii
504 2000 540 2060 et
562 1993 632 2061 elia
649 1994 827 2082 quaedam,
850 2015 880 2062 e·
900 2017 933 2080 g·
953 1993 1116 2074 ‘V‘ifflt
1134 2004 1225 2064 edre

193 2089 321 2178 ’ἤθη
337 2101 475 2166 scteaet
490 2095 599 2174 ἭΊ
614 2103 729 2178 aeder.

270 2199 417 2266 Nomina
440 2197 609 2283 quaedam
631 2199 794 2266 feminina
817 2204 912 2281 sunt,
939 2197 1021 2264 lieet
1047 2201 1221 2268 termina·

192 2301 321 2368 tionem
358 2300 459 2382 hujus
496 2299 628 2383 generis
660 2322 729 2368 non
759 2300 922 2383 habeant,
954 2300 1061 2368 veluti
1092 2286 1220 2401 ‘’⁸¹’‘ss

194 2405 342 2480 uafercti
359 2399 511 2479 ‘Q
526 2406 699 2470 settnesct
716 2403 843 2487 JV‘ilt
865 2425 943 2483 ara,
966 2409 1001 2469 et
1018 2405 1222 2471 numeralia

194 2501 384 2568 cardinalia
401 2523 422 2568 a
440 2505 564 2568 3-10.

246 2637 301 2724 '§.
322 2641 352 2704 3.
389 2640 521 2704 Numeri
544 2643 624 2705 eunt
651 2639 735 2722 duo,
766 2639 950 2726 singularis
982 2643 1017 2704 et
1046 2637 1221 2726 pluralis;

193 2739 305 2806 dualis
328 2739 431 2821 enim,
455 2740 568 2826 quiin
586 2738 721 2822 ’ΜΛ
738 2738 828 2823 a'em,
848 2714 967 2834 ‘mille
983 2739 1049 2808 a'en
1067 2763 1093 2808 e.
1117 2743 1219 2823 ‘imit

192 2865 248 2921 eni,
278 2813 353 2946 ’ᾓηὶ
380 2864 419 2909 en
450 2841 590 2925 desinit,
623 2844 706 2929 quia
735 2843 935 2930 plerumque
967 2864 988 2908 a
1017 2843 1108 2930 plur.
1142 2867 1221 2913 non

193 2942 317 3026 differt,
332 2965 411 3011 raro
425 2949 623 3029 usurpatur,
638 2951 741 3030 atque
755 2945 815 3014 ubi
833 2966 950 3013 sensus
965 2967 1042 3012 eum
1059 2945 1218 3031 flagitat,

279 3209 310 3287 *)
334 3207 395 3270 Sed
410 3207 511 3268 notari
526 3209 625 3286 debet,
641 3211 762 3272 nomina
777 3213 870 3272 etiam
883 3213 1052 3274 maeoulina
1063 3212 1097 3271 in
1112 3215 1220 3289 statu,

194 3293 249 3368 qui
264 3293 385 3368 dieitur,
400 3293 571 3372 emphatico
586 3297 710 3356 eandem
723 3297 967 3359 terminationem
981 3316 1146 3362 assumere.
