2662 3912
471 214 613 286 Speclmen
633 215 785 280 anslyseos.
1088 203 1130 268 83

117 375 342 463 ’Ἢιπλῃα
360 383 488 456 tolosam
505 378 700 460 „millibus“.
734 377 844 447 Praef.
869 401 895 449 s.
914 388 997 449 nota
1013 381 1130 452 Datiri

218 480 347 563 lcum
375 486 417 548 st.
447 480 518 548 abs.
547 481 638 565 plur.
666 481 810 550 nominis
838 482 952 566 ’3ὶᾶ
976 488 1049 562 eles.
1085 483 1127 549 ef.

218 603 318 668 pagg.
339 587 390 648 59.
411 585 463 647 63.
484 586 534 647 72.
840 667 842 670 ¹

115 680 310 766 'sslffilil‘lz
323 680 458 750 elra’emr’
470 683 706 768 „diligentibus
721 705 783 763 me,
798 684 1008 753 amatoribus
1018 686 1129 754 meis“.

218 784 328 851 Praei.
355 807 381 850 s.
401 791 484 852 nota
500 784 617 850 Dalivi
639 785 667 867 2
689 806 764 850 curn
781 786 875 852 Plur.
895 807 996 852 masc.
1033 786 1127 853 Part.

221 892 287 953 act.
305 885 398 972 Gonj.
419 886 484 966 Qal
501 906 522 951 a
539 887 612 952 rad.
627 886 752 965 ‘’filssffi
768 910 869 968 raam,
884 888 985 955 verbo
1004 889 1039 954 ΙΙ
1056 888 1128 954 rad.

218 994 306 1072 gott.
329 988 448 1055 addito
467 986 549 1054 soff.
573 993 600 1053 1.
619 1012 654 1073 p.
675 1011 701 1054 s.
740 988 781 1054 cf.
801 1010 877 1075 paga
898 994 948 1056 28.
970 993 1021 1055 29.

115 1063 321 1190 ἰπῆᾞὶξ
342 1095 507 1156 melncleri
534 1094 585 1170 „et
607 1089 855 1157 custodibuss.
882 1096 916 1156 et
938 1091 1129 1158 custodien-

217 1192 339 1258 tibus“.
377 1191 509 1277 Copula
537 1186 566 1267 ἵ
595 1211 670 1257 cum
692 1191 804 1258 Praef.
833 1215 858 1258 s.
884 1197 967 1259 nola
994 1192 1072 1258 Dat.
1102 1192 1130 1275 2

218 1298 379 1378 sequente
397 1298 477 1360 stat.
498 1299 578 1359 cstr.
599 1293 688 1378 plur.
709 1313 811 1360 masc.
831 1294 924 1360 Part.
946 1298 1011 1359 act.
1033 1293 1127 1380 Conj.

218 1394 282 1474 Qal
296 1416 317 1461 a
329 1395 402 1462 rad.
412 1376 515 1497 “JV]
528 1405 636 1474 nator,
651 1394 753 1461 verbo
768 1366 838 1495 Ἠ
852 1395 893 1461 cf.
908 1416 1008 1480 pagg.
1019 1399 1070 1460 34.
1078 1399 1129 1462 35.

113 1491 288 1575 ‘sslffll
302 1503 423 1580 fiqchi
439 1502 715 1582 „praeceptorum
737 1517 888 1564 meorum
910 1519 938 1564 s.
955 1497 1131 1583 praecepti

218 1599 311 1665 mei“.
349 1599 480 1668 Nomen
497 1598 606 1666 subsc.
626 1597 713 1684 sing.
737 1599 807 1665 sive
828 1599 917 1685 plur.
946 1619 1022 1664 curn
1046 1595 1129 1664 Suff.

219 1707 247 1766 1.
267 1724 300 1786 p.
321 1722 360 1782 a,
386 1700 468 1784 quia
495 1721 512 1766 e
540 1699 650 1767 forma
674 1720 744 1767 non
769 1700 888 1785 liques
935 1699 1023 1766 Nam
1045 1696 1127 1766 soff.

219 1803 304 1887 sing.
328 1810 361 1867 ec
378 1801 467 1888 plur.
489 1798 525 1879 [Π
544 1802 673 1888 pariter
691 1801 960 1886 pronunciantur
977 1809 1003 1882 i,
1027 1807 1131 1886 atque

220 1903 322 1970 etiam
347 1909 388 1969 st.
409 1909 488 1970 cstr.
509 1903 600 1988 plur.
620 1924 721 1969 masc.
742 1903 882 1968 eandem
906 1903 1049 1969 formam
1073 1923 1130 1968 ex·

218 2005 324 2072 hibet.
360 2006 491 2072 Nomen
514 1999 648 2085 “lm
665 2012 785 2086 fipqo'd,
813 2003 842 2070 si
860 2004 896 2070 in
913 2002 979 2070 fine
997 2003 1128 2083 crescit,
1248 2069 1251 2076 ,

219 2108 370 2175 vocalem
388 2129 406 2173 o
424 2111 611 2176 commutat
630 2107 665 2172 in
684 2131 714 2173 u.
755 2106 797 2172 cf.
816 2125 917 2192 pagg.
937 2114 968 2187 4,
989 2111 1019 2172 9.
