2662 3912
507 221 684 271 Litteratura.

462 458 491 522 2.
519 456 720 522 auxius.

81 617 312 678 Pentateuehus
331 614 409 676 Sam.
423 616 455 675 in
469 615 584 676 Bibliis
598 617 790 693 Polyglottis
812 618 910 693 Paris,
934 623 1023 682 1645.
1044 621 1097 681 fol.

167 707 198 761 et
230 701 418 762 emendatius
449 703 553 761 editus
587 703 621 760 in
654 700 739 765 Bibl.
770 703 938 780 Polyglott.
989 706 1097 780 Lond.,

171 790 260 847 1657.
288 785 339 846 sol.
383 788 420 848 ef.
447 786 573 845 Brian.
596 785 767 845 Waltoni
795 789 917 851 dissert.
953 791 990 848 de
1015 791 1099 849 Pen-

166 870 312 930 tateueho
345 867 423 933 Sam.
457 874 584 948 ejusque
610 871 804 932 versionibus
830 873 862 931 in
888 875 1031 952 Prolegg.
1058 876 1097 934 ad

107 978 111 984 ·
166 956 289 1032 Polygl.
317 956 414 1015 Lond.
443 961 515 1018 tom.
543 956 561 1015 I
588 960 619 1014 et
646 954 743 1015 Edm.
767 956 931 1016 Oastelli
963 960 1096 1019 animad-

169 1042 324 1100 versiones
347 1039 543 1102 Samaritieae
564 1041 585 1099 l.
600 1040 621 1102 1.
643 1045 715 1102 tom.
738 1040 795 1102 VI.

84 1125 214 1200 Georg‘.
239 1125 352 1205 Otho,
378 1126 543 1185 Palaestra
564 1125 739 1201 linguarum
761 1127 968 1204 orientalium,
990 1147 1097 1206 nempe

171 1209 277 1270 Chald.
297 1207 364 1285 Syr.
387 1208 466 1270 Sam.
489 1215 546 1271 ete.
582 1208 719 1272 Francos.
745 1214 835 1273 1702.
860 1217 902 1274 40.

83 1295 194 1356 Versio
222 1293 414 1354 Samaritana
440 1295 532 1373 primi
559 1294 633 1354 libri
660 1295 754 1355 Musis
788 1298 841 1374 (18
871 1299 975 1376 priora
996 1297 1098 1375 capita

171 1379 324 1440 Geneseos
346 1379 517 1457 continens)
541 1379 648 1452 Halae,
675 1384 764 1442 1750.
802 1387 844 1442 40.

82 1464 311 1524 Pentateuehus
343 1463 550 1526 Samaritanus
580 1464 618 1524 ad
649 1463 738 1524 fldem
767 1466 917 1525 librorum
947 1484 1097 1526 manuscr.

169 1549 267 1608 edidit
282 1554 313 1608 et
326 1551 429 1610 varias
450 1549 597 1609 lectiones
621 1549 785 1626 adscripsit
807 1550 848 1610 H.
862 1553 1095 1611 Petermann.

168 1634 345 1693 Faseieulus
367 1635 393 1694 I.
430 1634 567 1694 Genesis.
604 1633 856 1696 Berolini1872.
903 1640 945 1698 8⁰.

85 1718 169 1780 chr.
192 1718 365 1793 Oellarii,
393 1719 552 1798 Epistulae
574 1716 784 1778 Samaritanae
805 1718 1038 1779 Siehemitarum
1059 1719 1098 1778 ad

168 1801 239 1862 Job.
260 1803 436 1866 Ludolfum.
480 1803 579 1876 (linae,
606 1806 695 1862 1688.
732 1811 774 1864 40.

82 1888 120 1950 P.
141 1888 178 1947 L.
199 1887 337 1965 Bruns‚
363 1890 506 1968 Epistola
535 1887 613 1949 sam.
637 1886 765 1951 Siehem.
788 1889 884 1949 tertia
905 1889 944 1947 ad
964 1886 997 1949 J.
1020 1888 1098 1950 Lud.

168 1973 308 2049 Hamae,
335 1978 424 2036 1781.
462 1981 504 2034 4⁰.

85 2055 178 2118 silv.
201 2059 243 2117 de
265 2058 357 2136 Saey
387 2059 420 2117 in
446 2059 586 2138 „Notieee
614 2063 646 2119 et
673 2059 800 2119 extruits
829 2059 881 2118 des
907 2059 979 2120 Mes.
1002 2057 1039 2115 de
1068 2057 1100 2116 la

167 2144 242 2204 bibl.
271 2144 313 2204 du
344 2144 390 2202 roi
421 2151 453 2204 et
481 2145 614 2204 d’autres
639 2144 881 2221 bibliotheques.
917 2147 988 2203 tom.
1024 2141 1099 2204 ΧΠ.

172 2231 262 2291 1831.
299 2235 343 2290 40.

85 2313 239 2374 Carmina·
262 2312 452 2374 Samaritana
485 2334 501 2373 e
535 2313 620 2374 codd.
650 2314 749 2374 edidit
783 2319 815 2373 et
843 2311 1099 2390 interpretatione

170 2399 267 2458 latina
289 2419 357 2458 eum
373 2399 585 2459 commentario
599 2401 771 2460 illustravit
786 2399 886 2462 Guil.
904 2398 1098 2461 Gereniua

169 2479 306 2561 Lipsiae,
333 2478 422 2544 1824.
451 2493 473 2544 ⁰.
