2592 3932
326 190 417 242 Notae
438 190 474 240 ed
494 190 589 256 parad.
610 189 753 240 nominum
774 203 857 244 maso.
1057 183 1098 246 63

170 481 299 552 Notae
326 481 376 549 ad
401 479 691 567 Paradigmata
716 481 862 551 Nomm.
892 482 1008 551 Mass.

156 658 222 728 Ne.
249 665 278 724 1.
316 655 573 742 comprehendit
602 658 741 726 nomina
772 657 1001 727 immutabilia
1027 665 1100 726 tam

80 761 305 829 Substantias
331 760 566 846 monosyllaba
596 781 672 826 eum
698 765 719 826 d
742 761 811 827 sive
837 787 858 828 u
889 768 951 828 aut
979 769 992 828 i
1022 761 1099 830 effe·

83 863 205 943 rencia,
227 869 267 929 ut
289 835 400 965 ’ΠΜ
427 868 497 942 din,
524 852 614 940 ‘¹3⁶3
642 867 717 945 rats,
744 869 779 928 et
803 862 987 949 bisyllaba,
1016 885 1044 930 e.
1065 887 1098 948 g.

85 960 230 1046 aaran
259 970 385 1044 rurae,
417 935 570 1067 ’ΜΩ
605 966 744 1045 lactan,
781 986 883 1050 quam
912 966 1098 1052 lajesua,

86 1089 192 1152 eaque
215 1067 397 1132 maximam
423 1071 557 1150 partem
580 1065 770 1151 Partieipia
791 1069 976 1134 formarum
998 1060 1099 1150 ‘NP
1158 1121 1162 1127 .

85 1175 170 1250 qatez
194 1191 220 1234 Β·
246 1175 343 1250 paral,
369 1159 500 1252 ‘Nil
517 1175 620 1249 putat,
639 1141 766 1260 ‘Nil
785 1175 895 1250 aptat,
914 1162 1099 1254 ‘aaran

82 1277 230 1352 mitqatel,
246 1271 371 1355 (ferma
388 1277 525 1352 mitqetel
540 1270 582 1336 ei.
600 1291 705 1355 supra
720 1291 754 1354 p.
772 1275 802 1337 9.
819 1293 888 1340 non
902 1273 1097 1357 adhibetur)

85 1391 111 1440 s.
131 1379 293 1454 mitrattel,
309 1378 370 1439 aut
388 1373 641 1441 denominativa
658 1371 693 1438 in
711 1345 735 1464 ᾖ
754 1377 796 1440 dn
815 1373 1004 1440 desinentia
1021 1394 1050 1439 e.
1065 1393 1097 1457 g.

84 1462 235 1575 ’3Ἢὶἕῆ
254 1478 377 1540 remen.
489 1499 490 1502 ‘

159 1577 223 1642 No.
250 1580 279 1640 2.
318 1575 470 1642 eontinet
497 1576 634 1642 nomina
665 1596 741 1642 eum
768 1576 878 1644 vocali
909 1579 927 1642 ὂ
958 1598 985 1643 e.
1018 1582 1037 1642 e*
1065 1577 1101 1642 in
1205 1574 1214 1643 f

84 1677 217 1763 syllaba
234 1677 344 1757 finali,
370 1695 457 1761 quae
480 1677 677 1746 inflexione
695 1678 731 1743 in
749 1703 770 1746 a
788 1699 815 1744 s.
835 1683 848 1742 i
865 1679 1001 1760 transit,
1022 1677 1101 1744 effe·

83 1779 203 1858 renda,
243 1798 350 1862 eaque
379 1799 449 1846 non
479 1784 614 1848 tantum
646 1780 789 1859 formae,
822 1799 908 1862 quae
941 1780 1101 1848 dicuntur

83 1881 268 1966 segolatae‚
281 1880 340 1945 sed
358 1886 392 1945 et
405 1878 606 1965 Partieipia,
620 1886 660 1946 ut
675 1875 829 1959 ‘fflm‘l
843 1877 941 1946 ra'om‘
952 1874 1101 1959 “mle

84 2004 166 2048 uror
185 1974 368 2065 ‘zfflVY’fi
385 1989 510 2064 nmqtel,
542 1979 693 2062 fflsslffli
711 2005 829 2062 maqem
846 2004 872 2048 s.
892 1988 1009 2064 miqem.

160 2083 224 2150 No.
252 2091 282 2150 3.
322 2083 560 2168 complectitur
587 2085 713 2152 formas
741 2085 926 2168 segolatas,
956 2083 1101 2170 quaein

83 2184 227 2252 flexione
250 2207 270 2250 a
294 2208 321 2251 s.
342 2193 367 2266 i,
391 2187 502 2253 rarius
525 2193 753 2268 eassumunt,
778 2208 806 2252 e.
829 2209 861 2271 g.
881 2187 999 2265 “ms
1021 2208 1101 2267 epar

83 2308 112 2354 e.
137 2286 171 2354 S.
197 2286 355 2365 ἹΤΙἪᾹ
380 2293 446 2369 aare
466 2310 493 2356 s.
516 2295 596 2369 euri.
633 2290 771 2369 Forma,
801 2289 913 2374 qualis
942 2295 994 2354 est
1016 2287 1099 2382 τόῂ,

84 2389 119 2455 in
139 2389 218 2454 dial.
240 2388 329 2455 Sam.
345 2412 413 2458 non
430 2390 588 2470 babetur,
606 2392 767 2475 queniam
784 2391 910 2458 voealis
929 2413 947 2457 ο
965 2390 1102 2458 nonnisi

85 2492 121 2557 in
135 2490 267 2576 syllaba
284 2492 407 2558 ultima
425 2492 630 2572 admittitur,
648 2500 751 2578 atque
768 2495 908 2560 nomina
924 2492 1099 2572 nonnulla,

84 2600 124 2659 ut
147 2573 272 2674 Ἤῐῖ,
303 2593 438 2676 Ἕω,
470 2595 626 2676 ‘fflssQ
658 2616 746 2679 quae
776 2595 812 2660 in
840 2595 918 2660 aliis
946 2594 1100 2661 dialectis

85 2715 166 2762 sem.
203 2695 269 2760 bne
306 2698 515 2778 referuntur,
560 2717 581 2761 a
614 2695 794 2763 Samaritis
831 2697 1102 2781 pronunciantur

85 2800 194 2876 assur,
218 2802 367 2878 ascbqar,
393 2804 552 2877 eselrlcem,
578 2805 612 2865 et
628 2799 856 2865 immutabilia
874 2804 964 2880 sunt,
984 2803 1023 2863 ut
1040 2816 1101 2862 no-

84 2899 178 2964 mina
193 2898 257 2964 No.
280 2905 308 2963 1.

161 2999 216 3065 Ad
241 3001 304 3066 No.
328 3005 358 3064 4.
396 2999 569 3084 pertinent
600 3002 737 3067 nomina
762 3000 942 3066 maximam
968 3005 1101 3085 partem

84 3101 319 3185 monosyllaba
344 3106 378 3166 et
396 3121 417 3165 a
434 3101 545 3168 verbis
562 3081 654 3181 V“V
672 3102 839 3183 derivata,
868 3123 1014 3187 quorum
1033 3100 1100 3187 syl-

85 3204 166 3269 laba
187 3202 347 3268 radiealis
370 3203 405 3267 in
427 3201 570 3270 flexione
593 3205 799 3289 geminatur,
826 3204 915 3270 unde
942 3202 1098 3285 efficitur,

86 3311 127 3371 ut
144 3304 271 3372 voealis
290 3306 360 3391 ejus
379 3326 399 3368 a
417 3327 444 3372 s.
465 3328 481 3371 e
499 3326 740 3390 nonnunquam
757 3305 793 3370 in
812 3328 829 3373 e
847 3327 873 3372 s.
898 3312 912 3372 i
934 3313 1097 3390 trauseat,
