2592 3932
341 228 493 279 Permutat.
508 228 569 290 litt,
584 229 672 279 vooal.
686 229 741 279 litt.
756 194 826 294 gubt.
866 243 868 256 ¹
1076 225 1096 285 9
1199 213 1202 220 ,

149 398 180 474 4,
199 399 405 458 Permutatur
422 413 665 477 nonnunquam
678 394 720 469 Α
737 393 773 460 in
790 396 826 472 fl
844 415 938 462 more
955 395 1095 466 Aethio-

75 515 171 580 pum:
199 493 341 577 ’ΏΊΊ
364 494 387 558 l.
416 501 559 574 oodtllco
580 517 644 579 pro
669 495 830 579 M‘IT,
858 472 1048 603 ‘fislffllt
1070 500 1093 564 l.

75 602 181 662 dedet
198 619 261 681 pro
281 569 485 700 ‘remilla
509 633 554 647 -

152 703 182 778 5,
206 704 401 778 Proefiqitur
434 698 528 765 haud
562 719 641 765 raro
673 701 716 777 lt
745 701 819 766 vooi
848 723 869 766 a
889 709 1095 770 consonante

75 801 186 866 vocali
206 800 372 866 destituta
390 800 577 885 incipienti.
598 822 627 866 e.
644 824 676 886 g.
694 774 843 903 flflssllt
861 804 883 868 l.
904 826 1013 869 ansero
1032 827 1094 890 pro
1159 817 1160 820 ’

76 874 468 1003 attenuaris
485 902 508 968 1.
528 909 637 982 ostra
655 926 718 989 rro
734 895 940 983 annuar-

152 1009 184 1086 6,
202 1008 365 1070 Inseritur
423 1055 431 1086 ,
464 1010 499 1069 et
529 1026 773 1090 nonnunquam
799 1008 840 1084 Α
863 1013 942 1072 ante
968 1008 1093 1076 Pronn.

74 1103 166 1171 sus:
199 1127 228 1171 e.
253 1129 284 1191 g.
312 1079 566 1210 ‘minutia
593 1107 615 1173 1.
643 1114 810 1176 enarrate.
837 1106 1048 1193 ‘omma
1069 1111 1092 1176 1.

72 1214 219 1274 trattati.

157 1315 287 1376 Voeotes
315 1308 424 1376 multo
453 1311 565 1378 rarius
594 1331 698 1395 quarn
727 1311 763 1375 in
790 1310 908 1396 lingua
934 1311 1096 1380 hebraica
1200 1384 1203 1390 ,

71 1416 322 1496 permutantur,
343 1432 382 1476 ao
395 1418 625 1494 producantur
643 1418 789 1494 tantum,
811 1414 839 1479 si
854 1414 987 1500 syllaba
1005 1436 1094 1483 com-

71 1515 188 1597 posita
204 1515 241 1578 in
259 1514 446 1598 simplioem
464 1515 605 1580 transit:
630 1493 858 1596 ‘leMt
875 1517 897 1581 l.
918 1517 1093 1606 etastlo*),

71 1622 297 1697 corripiuntur
314 1637 394 1682 vero
419 1617 455 1680 in
479 1622 521 1681 st.
541 1623 620 1682 ostr.
640 1617 829 1698 nominum,
851 1618 910 1684 nbi
928 1624 1031 1686 tonus
1050 1621 1095 1686 ad

72 1737 195 1783 nomen
213 1737 356 1799 sequens
375 1723 605 1800 promovetur,
624 1719 714 1783 unde
731 1719 769 1795 ἴ
789 1718 878 1783 -1.
898 1721 972 1786 etin
990 1722 1032 1798 lx
1047 1759 1092 1773 -
1199 1803 1201 1809 A

71 1815 95 1880 l.
116 1829 161 1896 nt,
180 1814 272 1895 ‘'flssl
288 1854 334 1866 -
350 1818 372 1881 l.
394 1825 440 1883 tm
458 1840 484 1883 s.
507 1792 570 1910 {llll
586 1857 632 1869 --
651 1819 675 1886 l.
697 1842 736 1885 eu
758 1821 794 1884 in
819 1816 917 1897 {ll-
932 1822 955 1886 l.
979 1829 992 1886 i
1015 1845 1094 1891 oon·

71 1918 232 1999 vertitur,
256 1924 291 1983 et
309 1920 444 2002 qnando
464 1924 565 1986 tonus
584 1920 773 1986 retrahitur
796 1921 839 1986 of.
859 1918 1051 2005 ‘Mfiz'ss
1068 1925 1091 1990 l.

69 2024 189 2086 me'llctt
206 2025 240 2086 et
258 2013 478 2103 ‘mmm
497 2023 519 2087 l.
540 2025 687 2089 melltt'ttu.

148 2127 286 2187 Litteras
309 2130 504 2203 quiescentes
526 2117 631 2206 Νη
655 2123 747 2210 quod
770 2125 910 2206 attinet,
934 2125 975 2190 of.
1006 2146 1093 2211 quae

69 2245 177 2308 supra
195 2226 225 2309 §-
245 2229 276 2289 4.
298 2225 339 2289 de
360 2227 402 2292 iis
421 2226 622 2292 dictasunt.

146 2331 288 2392 Litterae
299 2335 480 2406 oattornles
493 2330 545 2408 It,
560 2329 607 2407 ἴ,
618 2328 665 2409 Ε,
677 2331 716 2407 V
731 2365 777 2377 -
795 2334 823 2409 1,
842 2350 946 2413 quum
961 2330 997 2394 in
1012 2352 1093 2415 pro-

71 2428 290 2494 nunciatione
319 2430 410 2494 inter
433 2452 468 2496 se
491 2451 560 2497 non
584 2429 757 2511 differant,
787 2431 985 2516 saepissime
1013 2454 1093 2517 pro·

70 2530 199 2595 misene
222 2530 433 2597 scribuntur:
457 2532 584 2608 ’ΞΜ
609 2539 644 2598 et
667 2533 794 2609 ’ΞΜ
817 2554 880 2618 pro
905 2534 1044 2611 ’ΜΛ
1067 2535 1090 2600 l.

71 2636 127 2694 o'ta
157 2632 179 2696 i.
200 2653 228 2696 e.
262 2634 400 2712 ,venit,“
429 2635 558 2713 ‘ffifflv
587 2657 651 2718 pro
681 2634 809 2713 ’stiffi
832 2635 855 2700 l.
880 2639 984 2700 tram.
1027 2635 1094 2703 Sed

74 2733 241 2798 retinetur
258 2734 295 2810 ἴ
314 2735 440 2818 ubique
459 2735 495 2800 in
513 2737 753 2803 terminatione
772 2757 897 2802 nomm.
915 2736 991 2803 fem.
1004 2738 1090 2822 sing.

72 2837 108 2898 et
125 2833 160 2898 in
178 2833 267 2901 Perf.
285 2837 347 2915 Qal
364 2837 546 2906 verborum
563 2838 638 2921 Ὠ,
657 2838 856 2924 plerumque
875 2839 979 2904 etiarn
997 2841 1040 2916 It
1057 2841 1092 2904 in

158 3098 185 3175 *l
210 3097 311 3171 Quum
331 3107 422 3161 tonus
438 3103 584 3178 syllabam
597 3104 796 3181 penultimam
810 3105 901 3163 ferire
917 3103 1022 3176 soleat,
1034 3123 1091 3182 pro

72 3179 197 3241 Sohewa
223 3186 331 3245 mobili
350 3187 389 3246 ab
412 3188 500 3249 initio
523 3188 649 3248 ultimae
673 3190 810 3266 syllabae
831 3207 920 3265 saepe
936 3189 1052 3248 vocalis
1073 3210 1091 3246 a

72 3267 245 3342 profertur:
263 3292 285 3332 e.
297 3291 325 3348 g.
342 3275 438 3330 w]
454 3273 474 3333 l.
488 3277 615 3349 fa-qada
625 3294 681 3353 pro
693 3277 824 3349 fu·q⁶du.
855 3273 938 3332 Hine
953 3274 1092 3334 exoritur

72 3351 167 3411 forma
180 3353 304 3435 Ithpael
319 3378 375 3437 pro
389 3357 524 3435 Ithpeel.
