2592 3932
213 224 253 286 18
522 228 677 280 Verborum
691 226 910 294 Oonjugationes.

209 417 278 484 *que
297 396 332 462 in
355 395 419 461 ΙΙΙ.
432 417 524 478 pers.
546 400 634 474 Sine.
656 399 764 460 Praet.
786 392 1005 478 conspicitur,
1027 399 1130 479 atque
1149 396 1241 490 haec

211 505 274 579 est,
303 518 390 583 quae
417 497 452 563 in
481 497 631 576 Lexiois,
663 496 692 562 si
718 495 822 564 verba
846 492 914 574 {V
936 496 1122 582 exceperis,
1150 520 1239 583 pro-

110 681 114 690 ,
211 601 363 688 ponitur.

288 701 317 768 A
335 701 445 768 sonna
464 698 639 786 primitiva
656 721 682 764 s.
701 699 816 765 radice
835 699 968 784 exlege
986 705 1080 766 certa
1098 704 1132 765 et
1150 720 1238 766 con·

211 803 331 884 stanti,
369 804 484 889 plures
518 802 733 868 deducuntur
764 801 892 885 speeies
925 801 1111 883 derivatae,
1144 823 1239 887 quae

210 905 395 974 secundum
426 904 538 971 varias
565 902 692 970 formas
720 902 1013 988 significationem.
1038 902 1239 989 primitivae

210 1009 306 1077 vario
325 1007 426 1074 modo
444 1006 637 1071 immutant.
675 1005 748 1071 Hae
763 1009 1008 1086 Conjuyationes
1022 1006 1123 1090 vulgo
1136 1006 1240 1091 (licet

210 1111 313 1194 falso)
331 1109 442 1173 dictae
456 1106 577 1173 addite
593 1107 768 1191 primitiva
781 1113 861 1173 sunt
877 1119 952 1187 tres,
967 1127 1112 1192 quarum
1126 1129 1239 1192 quae-

212 1233 278 1296 que
306 1211 450 1278 formam
475 1207 671 1276 reflexivam
697 1209 766 1277 sive
789 1210 959 1294 passivam
985 1209 1101 1275 habet.
1156 1208 1239 1293 Sed,
1288 1259 1289 1288 ,

212 1333 317 1397 quum
353 1312 472 1396 lingua
502 1309 718 1376 Samaritana
754 1312 879 1377 formas
916 1311 1018 1376 etiam
1054 1310 1239 1378 hebraicas

212 1419 388 1498 agnoscat,
407 1412 460 1479 his
478 1412 645 1479 accedunt
662 1411 798 1496 Niph'al,
817 1419 900 1480 Pual
921 1419 955 1478 st
976 1410 1124 1496 Hopb'al,
1144 1435 1238 1498 quae

213 1515 269 1580 hic
286 1515 358 1581 illic
375 1515 547 1598 leguntur.
583 1513 714 1580 Nomen
732 1521 936 1600 acceperunt
950 1515 1091 1600 excepta
1107 1515 1238 1600 prima,

211 1637 314 1702 quam
344 1638 420 1682 eum
453 1616 691 1683 Grammaticis
723 1617 889 1684 hebraicis
918 1616 984 1699 ‘29
1010 1617 1034 1682 l.
1065 1624 1120 1698 qul
1144 1640 1238 1684 nun·

212 1739 338 1804 cupare
359 1718 502 1804 placuit,
528 1739 549 1783 a
566 1720 668 1785 verbo
688 1718 797 1801 ‘2¹73
815 1720 838 1784 1.
860 1724 952 1802 pdal,
978 1741 1046 1802 quo
1065 1725 1238 1804 tanquam

211 1820 453 1905 Paradigmate
485 1820 696 1904 antiquiores
728 1821 949 1888 Grammatiei
978 1821 1031 1885 uti
1058 1820 1238 1905 volebant,

210 1929 315 2008 atque
338 1923 416 1989 inde
438 1923 550 2008 prima
572 1924 752 1990 verborum
776 1923 895 1990 littera
919 1921 1080 1989 radicalis
1105 1923 1241 1991 dicitur

211 2026 252 2107 3,
271 2027 420 2092 secunda
437 2029 485 2107 V,
505 2025 608 2090 tertia
626 2024 664 2106 2.

286 2162 374 2226 Hinc
393 2159 551 2226 oriuntur
569 2158 696 2226 formae
715 2164 910 2244 sequentes:

314 2284 343 2358 1,
361 2276 542 2343 hebraicae

338 2401 368 2462 a,
388 2379 536 2445 activae:
642 2378 704 2457 Qal
832 2376 912 2446 Pi’el
1052 2376 1182 2464 Hiph'il

336 2483 369 2562 b,
388 2500 479 2566 pass.
496 2486 531 2545 et
543 2477 614 2545 refl.
643 2476 775 2565 Niph'al
826 2479 919 2547 Pu’ul
1050 2479 1200 2567 Hoph’al

826 2581 1009 2668 Hithpa'el.

311 2688 341 2764 2,
362 2682 552 2749 aramaieae
647 2655 654 2698 ·.

336 2807 366 2866 a,
386 2785 535 2852 activae:
639 2783 721 2849 Peal
829 2783 918 2852 Pa’el
1049 2781 1169 2869 Aph'el

335 2887 368 2968 b,
388 2907 478 2973 pass.
495 2884 614 2951 etrefl.
640 2884 779 2971 Ithpe’el
830 2885 974 2972 Ithpa’al
1052 2885 1238 2972 Ittsph’al.

286 3037 352 3105 Sed
365 3039 554 3106 notandum
574 3044 636 3117 est,
651 3040 743 3123 quod
763 3045 790 3120 1,
806 3039 842 3105 in
858 3039 970 3124 prime
981 3037 1239 3125 Oonjugatione

208 3141 342 3226 saepius
366 3140 475 3208 forma
498 3141 592 3207 hebr.
617 3140 702 3206 Pasl
730 3162 805 3207 cum
829 3142 996 3226 duplicia
1020 3139 1235 3227 praefertur,

208 3243 319 3309 rarius
344 3243 455 3310 forme
477 3265 581 3309 111111.
624 3240 712 3308 Pe’al
732 3243 769 3309 in
790 3266 854 3310 usu
877 3250 939 3324 est,
967 3264 1075 3328 eaque
1093 3264 1237 3328 semper

209 3365 284 3410 cum
302 3346 412 3412 vocali
430 3367 451 3410 a
469 3345 622 3431 praefixa
639 3346 897 3430 pronunciatur.
917 3367 945 3412 e.
960 3368 992 3430 g.
1006 3334 1151 3447 Ἢῌῖ
1168 3354 1238 3413 aut
